5130 6240
1000 567 1050 622 DE
1068 568 1336 627 ADVERBIORVM
1355 568 1549 627 SPECIEBVS
2173 576 2215 641 21

408 730 577 787 Romanus
596 734 617 786 I
635 734 698 797 191,
717 733 767 786 3οι
794 748 850 786 non
877 728 969 785 minus
996 731 1111 802 expedit
1137 732 1284 802 qualitatis
1313 731 1375 803 [sod
1401 730 1589 802 adverbium],
1621 732 1748 788 ‘streame
1776 735 1919 790 versatus’
1950 735 2073 791 ‘fortiter
2098 736 2215 792 rastitit’

241 824 245 831 ·
338 810 473 881 ‘segniter
491 811 699 867 subremansit’.

408 891 626 949 Cominiauus
646 893 667 945 Ι
685 895 748 958 181,
769 894 817 944 10.·
835 889 1017 961 qualitatem,
1036 894 1069 946 ut
1085 892 1165 948 bene.

405 976 599 1044 anonymus
618 974 639 1026 I
657 976 719 1037 181,
736 975 787 1026 28:
805 969 966 1041 qualitatis,
985 973 1063 1028 bene.

406 1054 580 1109 Diomedes
600 1054 621 1106 Ι
638 1057 702 1118 404,
719 1056 770 1106 21:
790 1049 971 1120 qualitatem,
994 1054 1027 1106 ut
1044 1052 1115 1108 bene
1133 1053 1249 1123 pulchre
1269 1053 1409 1124 sapienter
1427 1052 1579 1123 prudenter
1596 1052 1710 1124 agiliter
1728 1054 1847 1109 viriliter
1866 1052 2003 1124 expedite.
2225 1063 2238 1104 σ

405 1134 589 1189 Dosithcus
611 1133 675 1187 VII
692 1137 756 1197 411,
775 1135 822 1185 19:
848 1132 982 1187 adserffia
1003 1133 1183 1188 inveniuntur
1205 1151 1255 1203 per
1274 1150 1289 1188 e
1307 1134 1486 1204 productam,
1509 1133 1558 1187 ubi
1576 1132 1721 1202 genetivus
1740 1133 1797 1189 ini
1816 1135 1933 1203 desinit;
1957 1154 2022 1192 cum
2039 1152 2106 1191 vero
2124 1152 2174 1207 per
2192 1136 2216 1191 is

335 1214 462 1283 effertur,
485 1216 554 1269 tunc
577 1214 663 1268 etiam
686 1230 736 1283 per
754 1215 810 1282 ter,
834 1215 866 1268 nt
884 1213 971 1269 mirus
990 1212 1097 1287 (miri)
1114 1214 1197 1282 mire,
1220 1212 1383 1287 (prudens)
1401 1213 1546 1284 prudentis
1564 1214 1717 1283 prudenter
1736 1256 1899 1271 ........
1919 1216 1990 1272 Sunt
2007 1216 2064 1271 alia
2082 1215 2216 1272 adverlua

334 1295 480 1366 qualitatis
503 1311 575 1362 quae
598 1310 690 1363 neque
712 1311 764 1364 per
786 1312 801 1349 e
825 1311 915 1364 neque
937 1312 988 1366 per
1009 1297 1055 1350 ter
1077 1293 1241 1362 ederentur,
1263 1295 1312 1349 sed
1335 1311 1387 1364 per
1404 1311 1450 1363 ns,
1473 1296 1506 1349 ut
1523 1293 1658 1364 funditus,
1676 1289 1715 1357 ῶς
1732 1291 1906 1366 tractitius
1925 1339 2042 1353 ......
2062 1296 2133 1352 Item
2152 1300 2217 1352 sunt

334 1392 407 1445 quae
425 1376 455 1430 in
473 1374 512 1428 im
530 1373 729 1441 terminantur,
753 1378 786 1430 ut
810 1374 913 1430 caesim
937 1375 1093 1444 πληκτικῶς
1113 1416 1185 1429 ....
1205 1375 1345 1444 gregatim
1363 1368 1503 1443 dystqda's
1522 1416 1529 1428 .
1545 1413 1551 1425 .
1567 1416 1573 1427 .
1589 1413 1595 1425 .
1614 1371 1685 1427 Item
1706 1376 1772 1428 sunt
1789 1392 1861 1443 quae
1880 1374 1909 1429 in
1929 1392 1945 1430 ο
1964 1375 2162 1445 terminantur,
2184 1379 2217 1430 ut

334 1455 462 1512 consulto
486 1451 615 1523 ἐπίτηδες
635 1454 798 1509 ....ltern
822 1457 888 1509 sunt
910 1470 982 1524 quae
1006 1456 1035 1508 in
1058 1471 1102 1509 am
1126 1454 1324 1522 terminantur,
1347 1456 1379 1508 ut
1397 1453 1470 1508 clam
1488 1450 1584 1523 λάθρα
1603 1496 1609 1508 .
1626 1497 1632 1508 .
1648 1496 1654 1507 .
1671 1498 1677 1509 .
1697 1452 1768 1508 Sunt
1786 1470 1858 1523 quae
1877 1455 1907 1509 in
1924 1474 1944 1510 u
1960 1456 2159 1525 terminantur,
2182 1460 2251 1511 ut10

333 1536 411 1591 dictu
428 1536 467 1610 τῷ
485 1534 619 1605 λέγεσθαι
638 1578 644 1590 .
661 1577 667 1590 .
683 1579 688 1591 .
705 1575 711 1587 .
731 1536 803 1590 Item
821 1538 886 1589 sunt
904 1550 976 1604 quae
994 1534 1060 1590 ina
1078 1534 1271 1604 terminantur,
1290 1536 1321 1587 ut
1338 1534 1443 1589 trustra
1460 1529 1551 1603 μάτην
1571 1578 1577 1589 .
1594 1577 1600 1589 .
1616 1576 1623 1588 .
1639 1575 1645 1588 .
1663 1533 1767 1589 iniuria
1784 1529 1898 1598 άδίκας.

404 1616 563 1671 Donatus
581 1615 632 1668 IV
648 1619 711 1681 386,
731 1600 779 1670 12·
798 1615 957 1683 qualitatis,
976 1616 1009 1669 nt
1026 1615 1108 1670 docte
1126 1614 1251 1684 pulchre.

404 1694 566 1766 [Probus]
585 1694 637 1749 IV
654 1700 716 1762 154,
736 1700 784 1750 16:
803 1694 960 1764 qualitatis,
979 1697 1011 1749 ut
1029 1695 1106 1750 bene.

404 1775 567 1831 Sacerdos
590 1775 637 1829 VI
653 1780 717 1841 442,
734 1779 785 1830 20:
804 1775 961 1843 qualitatis,
979 1777 1012 1828 ut
1029 1775 1176 1845 sapienter.

401 1856 641 1927 [Victorinus]
664 1856 712 1909 VI
727 1860 792 1922 202,
810 1861 842 1910 4.·
860 1856 917 1911 alia
935 1855 1095 1926 qualitatis,
1114 1858 1146 1910 ut
1163 1854 1238 1910 male
1256 1855 1335 1910 bene.

403 1936 612 1991 Priscianus
631 1936 694 1988 ΙΙΙ
711 1940 757 2003 86,
773 1940 825 1992 22·
844 1936 1002 2007 qualitatis,
1021 1938 1053 1990 ut
1070 1937 1141 1991 bene
1159 1936 1241 1991 male.

1262 2123 1281 2179 4

402 2228 593 2299 Dionysius
612 2233 675 2296 641,
695 2233 744 2284 30.-
765 2225 807 2284 Τά
826 2227 859 2285 δὲ
878 2226 1040 2299 ποσότητος,
1059 2227 1121 2285 οἷον
1138 2225 1271 2292 πολλάκις
1289 2223 1422 2298 ὀλιγάκις.

403 2309 589 2364 Palaemon
606 2312 638 2364 in
656 2311 708 2376 eis,
727 2327 796 2381 qaae
813 2327 847 2365 ca
865 2312 924 2366 eius
946 2316 1004 2365 arte
1026 2317 1153 2380 excerpta
1175 2311 1303 2380 tegamur
1324 2310 1401 2378 apud
1420 2307 1587 2375 murman,
1610 2324 1668 2362 nou
1684 2323 1803 2364 masam
1828 2310 1861 2364 de
1883 2309 2048 2379 quantitatis
2070 2308 2212 2364 οάοστοίίσ

330 2390 449 2456 disserit,
466 2391 513 2445 scd
530 2406 563 2444 ca
580 2395 688 2445 tantum
706 2408 776 2461 quae
796 2392 875 2446 modo
897 2392 1030 2460 ascripsi
1042 2391 1151 2461 profert
1168 2391 1201 2445 do
1218 2391 1383 2460 figuratione
1400 2389 1590 2443 adoerme
1608 2382 1752 2457 quatuos
1769 2394 1795 2443 et
1814 2389 1988 2458 quantitatis.
2220 2404 2248 2445 so

395 2470 440 2524 'In
457 2472 508 2538 eis,
530 2487 600 2539 quac
622 2486 656 2525 ea
678 2469 822 2525 Romani
844 2472 915 2527 libro
935 2472 1078 2540 suscripsit
1098 2470 1250 2535 disarisisss,
1268 2471 1308 2525 sbi
1326 2475 1434 2524 tantum
1451 2470 1516 2524 haec
1533 2470 1629 2523 classis
1646 2469 1812 2538 quantitms
1828 2475 2006 2537 οισπιοτολιιτ,
2029 2471 2078 2526 ubi
2096 2471 2130 2527 dc
2148 2486 2210 2527 con·

330 2549 432 2605 latione
449 2552 504 2605 sios
522 2552 719 2619 conparatione
738 2551 928 2605 adverbiorum
946 2553 1052 2621 aoitur,
1072 2552 1093 2604 I
1110 2556 1176 2616 192,
1194 2556 1238 2615 10,

402 2632 623 2686 (dominianus
641 2630 662 2682 I
678 2634 740 2695 181,
760 2635 808 2683 19:
827 2630 1023 2699 quantitatem,
1042 2633 1075 2685 ut
1091 2629 1218 2686 nimium.

399 2714 594 2782 Anonymus
613 2711 635 2763 I
653 2714 715 2775 181,
733 2714 786 2765 28·
804 2709 983 2781 quantitatis,
1002 2709 1127 2765 nimium.

399 2790 577 2846 Diomedes
594 2791 616 2843 I
631 2794 696 2857 494,
713 2794 763 2845 22:
782 2789 978 2859 quantitatem,
997 2794 1029 2845 ut
1047 2789 1165 2845 nimium
1183 2789 1247 2861 plus
1265 2789 1357 2844 minus
1375 2789 1495 2845 multum
1513 2792 1625 2844 tantum
1643 2790 1839 2845 tantummodo
1857 2788 1927 2843 satis
1944 2807 2043 2860 parum
2059 2804 2246 2862 parumperto

328 2867 493 2924 sublimiter.

399 2948 582 3004 Dositlscus
606 2951 673 3005 VII
690 2954 753 3017 409,
771 2955 822 3005 21.-
840 2952 1009 3021 quantitatis
1027 2947 1188 3018 ποσότητος,
1207 2951 1253 3004 sat
1271 2945 1379 3015 incude,
1398 2949 1467 3004 satis
1486 2947 1598 3016 λκατῶς,
1617 2966 1716 3020 parum
1734 2944 1831 3019 ἦττον,
1850 2952 1961 3006 abunde
1979 2953 2106 3018 δαψιλῶς
2122 2955 2210 3023 oriqu-

329 3023 486 3098 μορόκτος,
504 3028 589 3084 etiam
611 3031 670 3102 [ne]
690 3030 731 3087 ἔτι
753 3031 822 3103 [τι],
842 3049 977 3102 perquam
995 3036 1072 3100 lica,
1091 3031 1241 3087 admodum
1260 3026 1349 3097 adso,
1368 3028 1530 3099 plerumque
1550 3027 1587 3093 ῶς
1606 3027 1653 3087 tm
1671 3028 1703 3086 τά
1722 3035 1865 3098 πλεῖστον,
1888 3031 1971 3087 nimis
1988 3028 2079 3099 πάνυ,
2097 3031 2210 3101 insuper

329 3102 362 3163 λκ
385 3108 531 3178 περισσοῦ,
560 3109 681 3179 amplius
704 3109 873 3179 περαιτέρω,
902 3110 994 3165 minus
1017 3104 1113 3180 ἦττον,
1137 3109 1219 3179 plene
1242 3109 1478 3179 πεπληρωμένος,
1502 3109 1647 3166 humiliter
1669 3112 1820 3179 ταπεινῶς,
1843 3114 1924 3167 vaste
1945 3107 2060 3181 ὑψηλῶς
2083 3110 2210 3181 μεγάλας

330 3183 472 3257 tiaratae,
490 3185 575 3242 nimis
595 3183 737 3261 ὑπερβολῇ
756 3186 845 3259 duas,
863 3190 945 3244 valde
964 3192 1041 3259 λίακ,
1059 3191 1137 3260 large
1155 3189 1294 3256 δαψιλῶς,
1312 3188 1421 3245 affatim
1439 3186 1610 3258 nutantique.
2218 3200 2244 3240 ³0

400 3269 558 3324 Donatus
576 3268 626 3322 IV
640 3272 705 3337 386,
723 3275 773 3325 12·
791 3268 973 3340 quantitatis,
992 3274 1025 3325 ut
1043 3270 1162 3325 multum
1180 3284 1287 3339 param

398 3350 566 3420 [Probus]
585 3348 637 3404 IV
652 3354 714 3417 154,
733 3355 783 3405 16:
802 3348 983 3418 quantitatis,
1002 3352 1035 3405 nt
1050 3350 1145 3406 nimie.

398 3429 563 3485 Sacerdos
586 3429 632 3482 VI
646 3434 710 3495 442,
726 3434 778 3487 22:
797 3429 978 3500 quantitatis,
996 3433 1030 3485 ut
1047 3429 1165 3501 saepius.

396 3509 637 3581 [Victorinus]
660 3510 706 3564 VI
721 3514 786 3577 202,
805 3516 836 3565 5.·
856 3510 914 3565 alia
931 3510 1112 3581 quantitatis,
1130 3513 1164 3565 ut
1181 3513 1226 3565 sat
1244 3509 1368 3567 nimium.

398 3590 605 3645 Priscianus
623 3590 686 3644 111
700 3596 745 3657 86,
763 3594 816 3647 23:
835 3589 1015 3661 quantitatis,
1034 3594 1067 3646 ut
1083 3590 1200 3646 nimium
1219 3607 1325 3660 parum.

1256 3750 1274 3807 t
1333 3786 1343 3802 .

396 3855 590 3926 Dionysius
608 3863 671 3924 641,
691 3860 739 3911 31:
761 3853 803 3912 Τά
822 3855 854 3913 δὲ
873 3853 1000 3929 ἀριθμοῦ
1021 3853 1171 3926 δηλοτικά,
1189 3855 1251 3913 οἷον
1269 3860 1312 3921 δίς
1330 3862 1389 3928 τρίς
1406 3855 1541 3926 τετράκις.

398 3935 581 3992 Palaemon
601 3945 614 3991 1
634 3943 697 4005 187,
715 3943 767 3993 24:
786 3938 902 3994 Numeri
921 3937 1056 3994 adverbia
1073 3939 1147 4006 sunt,
1165 3938 1245 3993 velut
1263 3939 1367 3994 totiens
1386 3940 1516 4009 quotiens
1535 3936 1705 4007 aliquotiens
1719 3953 1802 4006 saepe
1817 3936 1927 4007 saepius
1943 3936 2104 4008 saepissime
2118 3939 2206 3994 semel

323 4014 368 4072 bis
387 4018 430 4069 ter
448 4018 547 4085 quater
565 4016 698 4089 deinceps
715 4019 836 4086 primum
855 4018 957 4075 iterum
976 4016 1090 4074 tertium
1106 4020 1246 4085 quartum

395 4095 566 4152 Romanus
584 4099 605 4151 Ι
623 4103 685 4165 191,
706 4104 754 4153 17.·
781 4098 837 4154 Sed
864 4100 893 4155 et
919 4100 1028 4154 numeri
1055 4116 1107 4169 par
1125 4114 1210 4155 causa
1226 4099 1344 4155 rationis
1362 4102 1413 4154 est
1452 4098 1568 4161 ‘Semeli
1589 4100 1692 4155 etemm
1713 4098 1789 4152 ‘ieci’
1810 4097 1941 4165 dicimus,
1967 4097 2021 4152 ‘bis
2039 4096 2123 4165 dixi’,
2149 4098 2240 4153 ‘terso

324 4179 390 4232 aute
408 4177 625 4246 praeceperam'.

397 4256 618 4313 Cominianus
637 4261 659 4313 1
677 4264 739 4326 181,
757 4264 788 4314 4.·
806 4276 965 4327 numemrn,
986 4262 1018 4313 ut
1035 4259 1129 4315 semel.

393 4336 589 4406 Anonymus
608 4338 630 4390 I
646 4344 708 4405 181,
726 4343 776 4393 19:
794 4339 915 4408 numeri,
935 4339 1022 4395 mmel
1041 4339 1084 4394 bis
1102 4338 1215 4395 centies

393 4416 569 4473 Diomedes
588 4418 610 4470 I
626 4422 691 4485 404,
711 4424 742 4473 4.·
771 4417 958 4491 <Significant
975 4418 1071 4494 enim>
1089 4438 1244 4488 numerum,
1263 4424 1295 4475 ut
1313 4422 1399 4476 semel
1418 4422 1461 4475 bis
1481 4424 1525 4475 ter
1539 4420 1638 4488 quater
1656 4418 1805 4489 quinquies
1823 4419 1954 4488 deinceps
1967 4418 2088 4489 primum
2103 4416 2203 4472 iterum

323 4513 417 4551 mrsus
434 4497 551 4551 tertium
570 4497 717 4553 dumtaxat
736 4514 818 4568 saepo
837 4499 947 4569 saepius
965 4500 1128 4569 saepissime
1146 4500 1258 4555 miliens
1278 4501 1397 4556 deciens.
2212 4510 2239 4549 ⁴⁵

393 4576 575 4632 Dositteus
599 4578 667 4631 VII
684 4582 811 4644 410,16.·
834 4580 941 4635 numeri
960 4576 1096 4650 alpedani,
1115 4581 1202 4634 semel
1220 4573 1307 4647 ἅπαξ,
1326 4580 1369 4634 bis
1388 4582 1440 4649 δίς,
1458 4584 1501 4635 ter
1516 4580 1583 4647 tels,
1602 4582 1702 4647 quater
1714 4574 1842 4648 τετράκις
1857 4582 1886 4634 et
1898 4577 2039 4646 deinceps,
2058 4576 2202 4646 quotiens·

322 4672 441 4725 cumque
464 4652 683 4727 ὁσακιστλήποτε,
708 4658 797 4728 primo
819 4660 944 4728 πρῶτον,
967 4661 1088 4715 secundo
1112 4655 1144 4715 ἐκ
1168 4659 1318 4730 δευτέρου,
1340 4660 1424 4716 tertio
1449 4655 1481 4716 is
1501 4660 1593 4728 τρίτου
1616 4662 1645 4713 et
1663 4658 1806 4729 deinceps,
1825 4676 1908 4731 saepe
1927 4654 2072 4728 πολλάκις,
2091 4657 2201 4727 saepius

322 4731 487 4806 πλεονάκις,
505 4738 667 4807 saepissime
685 4738 836 4806 πολλαχῶς.

393 4816 550 4873 Donatus
568 4818 622 4872 IV
638 4823 701 4885 386,
720 4822 753 4873 9.·
769 4819 890 4885 numeri,
909 4822 941 4873 nt
959 4821 1046 4876 semel
1064 4819 1114 4876 bis.

391 4897 559 4967 [Probus]
579 4899 629 4952 IV
644 4904 707 4965 154,
727 4902 776 4953 10.·
792 4899 915 4968 numeri,
933 4902 966 4954 nt
984 4901 1078 4956 semel.
2209 4909 2236 4949 ω

392 4978 556 5032 Sacerdos
578 4978 623 5033 VI
637 4984 704 5045 442,
723 4984 773 5034 19:
791 4979 912 5047 numeri,
931 4982 963 5034 ut
981 4980 1076 5035 semel.

392 5056 634 5129 [Victorinus]
654 5059 705 5113 IV
718 5063 782 5127 201,
801 5063 853 5115 23.·
872 5060 930 5114 alia
947 5060 1065 5130 numeri,
1084 5063 1116 5115 nt
1134 5061 1219 5116 semel
1240 5059 1281 5115 bia
1298 5063 1350 5114 ter.

394 5138 602 5193 Priscianus
621 5140 684 5192 ΙΙΙ
701 5143 746 5206 88,
766 5144 813 5194 13.·
833 5139 978 5207 Quomodo
997 5141 1071 5211 apud
1090 5140 1211 5195 Graecos
1231 5142 1359 5197 anomale
1374 5135 1431 5194 άπὸ
1446 5139 1496 5195 τοῦ
1512 5137 1552 5202 εἷς
1566 5132 1641 5204 duat
1656 5139 1818 5194 adverbium
1833 5139 1944 5208 dicitur,
1964 5140 2005 5194 sic
2018 5142 2048 5194 et
2061 5138 2134 5208 apud
2150 5154 2200 5193 nos
