5130 6240
1139 603 1176 612 -
1226 585 1290 632 XIII
1337 605 1379 615 ·-

327 749 404 814 ergo
431 729 465 792 in
492 729 553 794 hac
580 733 649 793 tam
677 727 773 813 larga
802 727 1012 810 supellectilis
1042 726 1209 791 technicae
1237 728 1330 811 copia
1353 727 1505 813 Dionysii
1527 730 1624 814 plane
1647 730 1739 794 nulla
1762 733 1884 796 mentio
1909 734 1953 798 fit
1999 756 2057 802 nec
2080 737 2185 822 magis

327 835 605 921 technographum
628 835 736 918 ipsum
759 856 951 918 usurpavere
974 833 1126 899 Manuel
1150 831 1409 918 Chrysoloras
1434 839 1491 900 aut
1513 835 1736 901 Theodorus
1760 835 1862 903 Gaze
1885 843 1943 904 aut
1965 838 2185 907 Demetrius

329 940 628 1026 Chalcondylas,
655 941 713 1006 sed
739 944 912 1025 praecepta
940 941 1008 1005 5155
1037 963 1095 1026 551
1118 946 1331 1007 erotematum
1355 943 1464 1009 alveos
1487 944 1521 1007 in
1544 943 1660 1007 horum
1684 945 1970 1030 grammaticorum
1993 946 2094 1013 libros
2117 971 2186 1034 per·

326 1052 507 1115 manarunt
553 1049 637 1134 quod
663 1048 793 1112 515515
821 1048 935 1132 551555
965 1049 1066 1113 555115
1093 1048 1273 1132 perspicere
1301 1049 1467 1114 commode
1495 1050 1618 1132 liceret,
1651 1056 1684 1115 et
1711 1052 1790 1115 artis
1819 1050 2040 1136 Dionysianae
2078 1056 2186 1139 capita

326 1156 390 1220 dno
414 1160 447 1220 et
469 1156 668 1240 singulorum
691 1153 961 1219 catechismomm
984 1159 1017 1219 et
1039 1155 1170 1219 illorum
1193 1157 1490 1240 quattuorvirorum
1514 1178 1553 1221 ea
1573 1159 2065 1242 5555155555155115155555
2085 1184 2185 1226 unum

329 1260 517 1345 adspectum
546 1260 666 1325 subieci
694 1260 728 1323 in
755 1260 877 1325 tabulis
904 1261 991 1326 infra
1018 1261 1116 1345 datis,
1144 1262 1222 1344 quin
1245 1262 1509 1327 Melanthonis
1538 1263 1578 1327 ad
1601 1263 1823 1330 institutiones
1847 1265 1995 1331 descendi
2018 1267 2052 1330 in
2076 1269 2181 1351 capite

326 1367 439 1433 altero.
485 1372 580 1452 atque
604 1365 818 1450 Chrysolorae
850 1369 949 1433 verba
981 1369 1136 1453 exscripsi
1164 1390 1203 1433 ex
1231 1369 1370 1435 editione
1393 1370 1514 1434 Aldina
1539 1371 1616 1434 anni
1643 1371 1741 1452 1512,
1773 1393 1855 1456 quae
1878 1372 1997 1437 librum
2020 1374 2183 1459 integrum

327 1475 474 1559 praebet,
496 1496 563 1539 non
585 1474 627 1539 ab
651 1473 795 1539 Guarino
819 1475 1001 1540 breviatum
1025 1475 1549 1560 (51111115555111111551.511117
1576 1474 1749 1542 115555511
1774 1478 2183 1566 5151515555-

329 1579 433 1646 115155
465 1585 638 1666 praecepta
671 1602 708 1645 ex
737 1581 877 1647 editione
904 1582 1228 1673 5115515515515555
1256 1582 1388 1647 1751151111
1419 1584 1455 1646 iu
1480 1581 1607 1647 5511555
1634 1582 1877 1649 1111111551οηί
1903 1590 2005 1651 oetaeo
2032 1585 2185 1654 05155155

285 1718 291 1731 ·
326 1688 499 1753 Ianuarius
520 1685 868 1754 MOOCGLXXXXV
885 1688 995 1773 petivi,
1019 1689 1075 1752 sed
1103 1689 1228 1773 inspexi
1258 1689 1356 1753 etiam
1378 1689 1553 1754 editionem
1577 1688 1805 1755 coloniensem
1829 1693 1905 1756 anni
1932 1692 2017 1759 1525
2040 1698 2074 1759 51
2095 1693 2186 1760 Β551-

230 1864 234 1876 ,
327 1795 467 1861 15555515
490 1817 518 1860 a
545 1795 709 1877 15215-
734 1793 882 1859 Irasceris
905 1794 1101 1859 editionibus
1124 1795 1230 1859 tribus
1254 1794 1383 1859 Aldinis
1406 1818 1482 1860 usus
1506 1818 1591 1879 sum,
1622 1797 1724 1861 altera
1747 1795 1786 1881 (5.
1809 1819 1836 1861 a.
1864 1799 2097 1884 1498-1503,
2123 1800 2186 1865 Re·

325 1901 449 1966 1155511
472 1924 493 1985 p
517 1898 612 1987 441),
634 1902 733 1965 151115
756 1899 874 1985 (1512,
896 1900 1069 1967 115555511
1092 1924 1113 1985 p
1137 1898 1209 1985 94),
1232 1906 1348 1985 quarta
1371 1899 1489 1988 (1551,
1512 1901 1730 1987 1155555115
1753 1900 1889 1989 301)*);
1912 1941 1954 1954 ·-
1978 1907 2012 1970 in
2031 1904 2184 1973 Chalcod-

324 2008 420 2092 dylae
443 2009 551 2073 verbis
575 2007 782 2093 excerpendis
805 2030 917 2072 rursus
939 2010 987 2073 uti
1014 2009 1094 2072 mihi
1116 2009 1208 2074 licuit
1229 2010 1391 2094 principe,
1415 2009 1453 2072 de
1476 2031 1541 2094 qua
1562 2010 1634 2074 vide
1658 2032 1755 2093 55515
1777 2033 1799 2095 p
1818 2010 1878 2095 Vl,
1901 2048 1944 2059 -
1967 2011 2185 2079 Melanthonis

324 2115 461 2200 denique
491 2119 665 2199 praecepta
697 2116 822 2200 sumpsi
854 2139 893 2180 ex
921 2113 1108 2181 Coloniensi
1141 2117 1217 2181 51151
1248 2117 1341 2182 1522.
1386 2138 1425 2181 51
1458 2117 1575 2199 551555
1603 2116 1843 2201 exemplaribus
1871 2119 2061 2203 transcripsi
2089 2120 2188 2185 verba

326 2222 368 2286 ad
391 2222 534 2285 litteram
557 2223 648 2285 5151
671 2223 841 2306 prosodias
864 2245 991 2308 quoque
1014 2223 1148 2289 vitiosas
1171 2223 1357 2304 retinerem,
1386 2228 1520 2306 excepto
1544 2224 1630 2308 quod
1652 2244 1785 2308 gravem
1808 2229 1976 2290 accentum
1998 2227 2033 2289 in
2056 2231 2185 2291 acutum

326 2329 515 2412 saepissime
537 2329 679 2394 mutavi.¹

485 2432 632 2500 Conlatis
664 2440 772 2502 autern
806 2458 886 2521 quas
918 2437 1014 2501 binae
1040 2437 1178 2521 paginae
1207 2434 1358 2500 exhibent
1386 2435 1476 2500 denis
1504 2436 1661 2503 columnis
1688 2437 1857 2522 intelleges
1885 2437 2024 2521 primurn
2054 2439 2184 2524 quidem

326 2537 608 2624 Chrysaloram
639 2543 687 2607 ita
714 2546 842 2607 tantum
863 2543 912 2615 ab
935 2541 1147 2627 Moschopulo
1175 2542 1371 2626 discrepare,
1403 2546 1440 2606 ut
1467 2543 1626 2625 515155111,
1659 2565 1740 2629 5555
1768 2544 1823 2608 ille
1847 2544 1957 2610 docuit
1978 2545 2017 2609 de
2040 2545 2185 2611 adverbii

324 2649 458 2714 notione
486 2648 686 2714 derivatione
714 2649 933 2714 555115511555
961 2671 983 2733 p
1009 2650 1045 2733 2,
1064 2650 1203 2731 42-4,
1226 2649 1345 2731 28,15
1368 2649 1607 2715 coniunctionis
1630 2650 1762 2714 notione
1786 2672 1807 2733 p
1833 2652 1887 2733 12,
1913 2653 2012 2734 1-8,
2034 2656 2127 2716 5151
2149 2654 2184 2716 in

325 2749 512 2839 ἀθροίσεως
540 2755 636 2820 classi
659 2779 680 2840 p
700 2756 737 2837 9,
759 2758 798 2821 11
827 2755 978 2821 5111555111
1008 2754 1154 2839 exempla
1179 2749 1267 2839 1μοῦ
1294 2751 1368 2833 ἅλις
1395 2750 1470 2820 ἀντὶ
1491 2757 1558 2845 ,τοῦ
1588 2751 1760 2840 αὐτάρκως
1787 2752 1859 2841 (551
1886 2757 1933 2821 cfr
1955 2756 2185 2824 Walderianae

326 2860 532 2945 11555555511
554 2861 751 2951 1551155515),
773 2863 807 2928 15
829 2858 1038 2947 βεβαιώσεως
1061 2863 1158 2927 515551
1181 2884 1203 2945 5
1222 2861 1253 2945 9,
1271 2863 1314 2926 52
1337 2884 1396 2946 515
1420 2857 1510 2947 ἀμήν
1533 2861 1677 2945 posuerit
1699 2856 1816 2943 ὅντως,
1839 2861 1873 2925 15
1897 2862 2186 2947 ἐναντιωμοιτιιιοῖν

326 2969 431 3051 555515
454 2990 475 3051 p
501 2969 596 3047 17,3
620 2968 787 3054 scripserit
808 2966 840 3033 11
863 2968 1018 3034 ἐναντίον
1042 2964 1161 3054 51511
1186 2967 1340 3033 ἐναντίον
1363 2966 1442 3052 (5151
1466 2968 1545 3032 haee
1569 2967 1786 3051 discrepantia
1810 2968 1909 3032 errori
1935 2967 2069 3034 debetur
2091 2975 2185 3055 typo

324 3072 458 3161 thetae).
490 3110 527 3122 -
552 3072 677 3140 Deinde
701 3073 839 3140 Gazam
863 3073 939 3140 Tibi
963 3075 1134 3159 apparebit
1155 3075 1263 3159 ipsum
1287 3096 1412 3160 quoque
1435 3072 1649 3159 Moschopulo
1677 3095 1771 3138 usum
1799 3095 1882 3156 esse,
1909 3075 2061 3141 velutin
2087 3099 2185 3142 unam

324 3182 465 3264 speciem
488 3181 654 3246 coniunxit
676 3179 713 3268 (p
732 3183 763 3265 3,
780 3183 812 3246 4.
836 3183 864 3264 7,
882 3180 919 3264 5)
943 3175 1147 3266 &reddum
1169 3178 1353 3265 ποσότητος
1376 3186 1409 3246 51
1432 3179 1581 3265 ἀριθμοῦ
1605 3176 1838 3264 1515115151,
1862 3203 1944 3266 5555
1964 3181 2187 3249 deadverbio·

323 3308 396 3353 rum
420 3287 618 3353 derivatione
636 3311 657 3373 p
678 3288 842 3370 515-5,
858 3289 900 3352 14
923 3286 1027 3370 15551,
1048 3287 1153 3353 111555
1177 3289 1332 3372 51555115
1356 3288 1490 3353 mutatis
1514 3309 1552 3351 ex
1574 3284 1781 3371 Moschopuli
1804 3287 1999 3352 catechismo
2018 3294 2186 3355 mutuatus

324 3397 383 3458 est
414 3378 470 3459 551
492 3398 620 3479 praeter
643 3394 728 3460 hunc
751 3395 850 3459 etiam
873 3394 1090 3478 antiquiorem
1113 3398 1326 3460 erotematum
1348 3395 1488 3460 formam
1511 3416 1584 3459 enm
1604 3414 1774 3476 usurpasse
1793 3393 1924 3458 evidens
1943 3398 2007 3458 est:
2029 3416 2106 3459 nam
2124 3416 2183 3461 nec

322 3497 597 3585 συγκαταθέσεως
614 3521 673 3565 555
690 3495 944 3584 ἀπαγορεύσεως
962 3501 1102 3585 55551515
1120 3501 1231 3566 omisit
1244 3507 1278 3566 et
1292 3502 1417 3567 addidit
1430 3500 1563 3579 δείξεως
1577 3501 1715 3565 classem
1730 3497 1767 3584 (p
1784 3501 1817 3580 3,
1831 3500 1882 3564 22.
1904 3502 1954 3582 11,
1968 3498 2036 3586 31),
2054 3523 2136 3585 quae
2149 3502 2185 3566 in

322 3605 369 3671 11Β
387 3628 514 3693 555555
538 3608 709 3673 151551151.
736 3629 841 3692 55555
864 3609 898 3672 15
921 3608 1108 3673 erotematis
1132 3606 1357 3673 exhauriendis
1375 3607 1550 3692 acquievit,
1575 3607 1631 3672 sed
1649 3606 1796 3672 undecim
1815 3605 2041 3671 adverbiorum
2062 3608 2185 3689 5555155

324 3713 448 3794 5151511
470 3737 491 3798 p
513 3716 566 3794 11,
592 3714 735 3797 18-52,
758 3736 840 3798 5555
863 3715 898 3779 15
920 3715 1012 3779 55115
1035 3714 1305 3780 551555151551515
1327 3715 1495 3798 leguntur,
1521 3714 1578 3779 551
1601 3717 1773 3779 occurrunt
1794 3713 1916 3798 partim
1940 3711 2183 3796 5551155515-

324 3819 408 3885 sium
430 3817 779 3906 Goettlingianum.**)
820 3821 956 3905 denique
976 3820 1018 3892 ,de
1042 3843 1101 3886 suo
1123 3822 1281 3886 nonnulla
1303 3821 1381 3907 quin
1404 3821 1572 3886 novaverit
1595 3819 1738 3885 dubitari
1761 3821 1969 3905 nequitque
1993 3819 2027 3883 15
2050 3840 2185 3884 numero

326 3926 473 3992 ordinem
491 3928 644 3994 classium
658 3926 885 3993 adverbiorum
899 3926 1004 3993 habeo
1019 3934 1052 3999 et
1066 3928 1151 4013 quod
1164 3925 1340 4012 ποιότητος
1353 3935 1386 3993 51
1400 3924 1578 4012 μεσότητος
1592 3927 1715 4011 5555155
1729 3927 1814 3991 15151
1828 3949 1863 3991 55
1877 3948 1941 3992 555
1956 3925 2127 4010 separavit.
2144 3960 2182 3973 -

326 4032 485 4099 bascari
507 4034 696 4119 principalis
719 4034 791 4100 fons
815 4032 920 4099 Gazae
943 4033 1026 4099 liber
1048 4043 1126 4117 5151,
1149 4036 1233 4119 5551
1256 4056 1321 4101 555
1344 4034 1489 4118 negabis,
1511 4034 1539 4098 si
1562 4034 1619 4117 p3
1638 4033 1906 4098 animadverteris
1925 4053 2036 4097 omnes
2055 4033 2186 4116 classes,

323 4162 406 4225 quae
428 4138 644 4207 Constantino
667 4164 739 4207 cum
763 4140 933 4207 Theodoro
955 4163 1140 4207 communes
1165 4147 1254 4224 sunt,
1278 4141 1389 4207 eodem
1413 4144 1584 4225 utrumque
1607 4140 1719 4204 ordine
1743 4161 1941 4204 enumerare.
1974 4138 2030 4204 sad
2053 4144 2183 4222 praeter

324 4246 445 4312 Gazam
469 4249 637 4331 usurpavit
655 4247 917 4331 Moschopulum,
940 4249 1030 4312 velut
1053 4249 1287 4314 coniunctionis
1312 4247 1530 4312 definitionem
1550 4246 1591 4310 ab
1610 4246 1669 4310 illo
1688 4268 1761 4311 eum
1781 4247 1957 4331 sumpsisse
1975 4247 2184 4312 manifestum

323 4356 374 4418 est
396 4377 417 4437 p
445 4354 495 4436 12,
518 4356 551 4435 1,
575 4375 773 4438 quamquain
796 4350 854 4437 pro
877 4353 963 4433 λέξις
985 4352 1174 4420 συνδέουσα
1197 4355 1281 4419 dixit
1302 4342 1402 4438 μέρος
1425 4349 1529 4434 λόγου
1547 4350 1695 4418 Ισυιι1ἕοιι
1718 4352 1781 4436 (511
1799 4354 1830 4435 3,
1844 4354 1913 4438 42),
1936 4351 2110 4436 5151511555
2134 4374 2186 4417 ex·

322 4464 426 4525 trema
447 4458 652 4544 Moschopuli
676 4461 781 4526 verba
828 4461 924 4526 huius
947 4462 1176 4526 5515555555
1202 4466 1235 4525 51
1258 4460 1364 4525 Gazae
1387 4459 1557 4544 isagogem
1580 4459 1674 4542 quasi
1697 4459 1849 4524 conflavit
1872 4458 1903 4542 5,
1921 4459 2062 4524 32-38.
2088 4460 2139 4540 11,
2153 4459 2183 4523 6.

327 4565 377 4646 15,
399 4566 494 4631 2-4.
525 4567 662 4650 1551555
686 4566 803 4632 adiecit
824 4589 941 4633 novem
964 4569 1083 4633 classes
1107 4567 1348 4650 adverbiorum,
1372 4587 1454 4652 quae
1478 4569 1614 4648 excepta
1636 4587 1702 4629 555
1725 4587 1834 4630 omnes
1859 4565 1944 4649 apud
1968 4564 2184 4631 Pseudotheo

323 4670 450 4737 dosium
476 4673 689 4737 inveniuntur.
714 4710 757 4718 -
780 4656 1067 4758 Chalcondylas
1095 4677 1224 4739 tantum
1252 4696 1318 4739 non
1349 4673 1459 4738 omnia
1488 4672 1529 4737 ab
1554 4671 1643 4737 Gaza
1671 4671 1823 4755 sumpsit,
1850 4693 1922 4736 raro
1946 4672 2110 4737 Lascamm
2138 4673 2185 4736 in-

327 4798 363 4805 —
370 4798 518 4806 —-—...

481 4846 506 4915 ⁶)
526 4847 665 4903 ‘bassaris
684 4847 818 4918 epitome‘
838 4847 941 4917 legitur
959 4866 1043 4919 snpra
1061 4865 1164 4903 nonam
1183 4849 1343 4903 columnam
1361 4864 1449 4917 usqne
1467 4846 1504 4901 ad
1522 4852 1594 4916 511,
1615 4861 1699 4917 55515
1717 4848 1848 4901 55151515
1866 4862 1953 4916 55555
1973 4847 2009 4900 ad
2024 4853 2096 4917 517,
2116 4846 2183 4915 quia

325 4938 416 5005 primo
435 4933 506 4991 libro
524 4934 725 5007 grammaticae
744 4935 881 5003 Lasearis,
900 4953 934 4991 ex
953 4954 1008 5004 qno
1027 4936 1086 4991 eius
1106 4937 1140 4991 de
1159 4937 1294 4992 adverbio
1313 4939 1342 4991 et
1355 4935 1551 4992 coniunctione
1565 4937 1718 5006 praecepta
1730 4934 1822 5000 baasi,
1840 4934 1905 4990 inde
1920 4935 1954 4990 ab
1969 4935 2092 4991 editione
2106 4934 2184 5005 prin-

325 5023 387 5093 cipe
406 5021 529 5092 (hiediol.
550 5029 632 5093 1475)
650 5025 721 5080 haec
739 5023 876 5094 inscripta
895 5022 1086 5078 inveniuntur:
1105 5021 1223 5097 ἐπιτομὴ
1243 5027 1298 5081 τῶν
1317 5022 1389 5080 dasch
1408 5022 1562 5093 τοῦλόγου
1581 5025 1683 5093 μερῶν.

483 5111 525 5180 ⁸¹⁸)
543 5113 578 5167 ab
597 5113 765 5183 Chrysalora
783 5114 924 5184 accepisse
943 5113 1054 5168 videtur
1072 5109 1161 5178 ὅντως
1179 5132 1231 5185 515
1249 5110 1326 5184 ἀμήν
1345 5132 1364 5184 5
1383 5121 1409 5181 9,
1428 5119 1470 5168 tt.
