5130 6240
1295 606 1432 651 -xll
1481 626 1518 635 --

475 750 591 832 stituit,
610 752 646 815 ut
665 749 784 833 ubique
803 750 952 832 eluceret,
971 748 1048 833 quid
1066 748 1101 812 in
1120 748 1256 833 singulis
1275 751 1431 813 novatum
1450 752 1543 812 esset.
1572 748 1623 813 cui
1642 748 1778 814 consilio
1794 749 1820 813 ai
1835 749 2055 833 respondisset
2069 771 2121 813 ars
2136 751 2339 832 typothetae,

476 856 683 938 utilissimus,
708 855 835 939 opinor,
858 855 941 918 liber
960 855 1144 938 prodiisset.
1173 857 1207 918 at
1226 854 1306 918 haec
1325 854 1438 938 editio,
1458 877 1540 939 quae
1559 855 1662 919 multo
1682 855 1792 920 labore
1806 858 2001 939 praeparata
2014 877 2074 920 nec
2088 857 2212 921 minore
2227 856 2340 939 edepol

476 963 591 1027 sudore
615 964 766 1028 absoluta
789 967 851 1044 est,
873 984 939 1025 non
963 963 1069 1026 solum
1088 984 1126 1025 ea
1144 961 1316 1025 verborum
1331 961 1543 1045 dispositione
1558 965 1660 1045 caret,
1683 983 1747 1045 qua
1766 961 1878 1045 utique
1893 983 1974 1045 opus
1989 966 2073 1046 erat,
2096 962 2159 1045 sed,
2178 966 2216 1026 ut
2235 962 2340 1026 dicam

476 1069 562 1153 quod
582 1071 685 1135 sentio
706 1070 872 1154 editorque
891 1070 961 1154 ipse
979 1068 1242 1153 indignabundus
1263 1065 1373 1151 sentit,
1391 1069 1578 1133 scandalum
1592 1068 1868 1154 typographicam
1883 1071 1945 1133 est:
1963 1069 2123 1133 neminem
2139 1069 2226 1132 enim
2240 1068 2341 1132 risum

477 1199 544 1242 uon
568 1178 773 1243 sublaturum
796 1199 867 1241 csse
889 1182 970 1260 puto
994 1173 1042 1262 (et
1064 1176 1151 1241 Tuos
1176 1175 1383 1259 potissimum
1402 1175 1575 1241 cachinnos
1599 1176 1698 1239 miros
1723 1175 1832 1239 audire
1856 1175 1937 1239 mihi
1959 1173 2100 1262 videor),
2124 1176 2178 1259 qui
2201 1176 2340 1259 primam

476 1287 605 1349 tantum
629 1287 783 1370 paginam
807 1285 957 1350 evolvens
981 1284 1062 1348 talia
1085 1283 1258 1363 invenerit,
1282 1282 1377 1366 quale
1399 1281 1462 1348 hoc
1485 1283 1592 1346 estin
1615 1283 1858 1347 enumeratione
1881 1282 2082 1366 singularum
2101 1282 2340 1367 prosodiarum:

476 1388 584 1474 μακρά
608 1381 683 1456 οἷον
698 1387 801 1474 Ἥρᾶ,
825 1394 963 1476 βραχεῖα
987 1381 1062 1455 οἷον
1089 1383 1163 1472 γάρ.
1209 1389 1334 1453 scilicet
1360 1410 1420 1453 nec
1448 1389 1565 1473 longae
1593 1409 1651 1453 uec
1678 1388 1786 1453 brevis
1817 1389 1963 1472 syllabae
1992 1388 2121 1474 signum
2148 1389 2340 1473 typothetae

477 1498 681 1581 suppetebat.
718 1498 868 1582 quocirca
891 1498 919 1561 si
941 1496 1027 1561 forte
1051 1496 1100 1561 his
1126 1495 1312 1560 erotematis
1335 1496 1401 1559 iam
1424 1516 1508 1559 nuuc
1530 1495 1580 1558 uti
1602 1495 1691 1559 voles
1715 1516 1776 1559 uec
1799 1495 1940 1580 opperiri
1964 1495 2139 1559 editionem
2158 1496 2340 1579 incorpore

479 1604 766 1689 grammaticorum
790 1623 978 1687 graecorum
1002 1602 1219 1685 prodituram,
1242 1601 1335 1666 enixe
1350 1601 1396 1666 Te
1419 1622 1514 1688 roge,
1537 1605 1574 1665 ut
1597 1600 1637 1664 ab
1653 1601 1713 1684 eis,
1737 1622 1819 1685 quae
1838 1601 1996 1665 debentur
2020 1601 2184 1666 sollertiae
2199 1601 2341 1684 editoris,

480 1710 662 1796 distinguas
687 1732 738 1792 ea,
762 1731 844 1793 quae
866 1709 1002 1773 inertiae
1026 1708 1159 1793 opificis.
1983 1702 1992 1719 '

635 1815 857 1900 Interroganti
889 1837 965 1880 vero
989 1815 1061 1879 Tibi
1085 1815 1135 1879 vel
1159 1815 1214 1880 alii
1238 1814 1395 1900 cuipiam,
1423 1815 1515 1899 quid
1539 1837 1607 1879 nos
1632 1814 1848 1898 adduxerit,
1876 1818 1918 1878 ut
1940 1818 2089 1881 tantam
2117 1815 2341 1880 conlocare·

475 1944 557 1986 mus
586 1943 742 2008 operam
770 1923 811 1987 in
838 1921 1117 2007 cognoscendis
1141 1921 1410 1986 describendis
1435 1921 1680 1987 conferendis
1703 1921 1764 1986 his
1788 1923 2036 1989 catechismis
2060 1922 2340 2009 grammaticis,

475 2029 624 2114 equidem
650 2029 792 2113 primum
819 2028 1022 2113 respondebo
1050 2027 1265 2113 antiquiorem
1293 2032 1508 2093 erotematum
1530 2027 1808 2111 Dionysiauorum
1835 2028 1988 2116 formam,
2016 2052 2099 2115 quae
2127 2031 2160 2094 in
2191 2028 2340 2093 Gudiano

476 2136 610 2222 legitur,
638 2137 741 2201 instar
769 2136 888 2200 vetusti
916 2134 1050 2199 technes
1079 2135 1272 2219 exemplaris
1295 2134 1391 2199 uobis
1420 2155 1503 2198 esse:
1531 2154 1671 2217 namque
1699 2155 1765 2198 nou
1794 2134 1899 2198 solum
1927 2156 2081 2219 persaepe
2110 2156 2184 2199 cum
2211 2136 2341 2219 optimis

476 2243 640 2308 codicibus
664 2242 846 2307 consentire
869 2245 982 2306 contra
1006 2241 1191 2323 deteriores,
1215 2241 1270 2305 sed
1293 2261 1538 2323 nonnumquam
1560 2240 1649 2322 ipsos
1669 2261 1821 2324 superare
1840 2241 1991 2324 optimos.
2019 2243 2110 2307 cuius
2129 2242 2176 2306 rei
2195 2243 2342 2325 exempla

477 2351 511 2415 in
536 2349 745 2414 adnotatione
769 2348 893 2431 critica,
916 2369 1013 2432 quam
1035 2347 1167 2412 technes
1190 2347 1370 2412 recensioni
1393 2346 1494 2431 priori
1518 2346 1707 2430 subscripsi,
1729 2347 1946 2412 inveniuntur.
1984 2370 2049 2413 non
2072 2349 2209 2413 minoris
2232 2353 2341 2413 autem

477 2458 581 2522 dicam
606 2454 687 2519 illud
712 2477 763 2518 me
787 2453 973 2537 aestimare,
997 2454 1082 2536 quod
1100 2453 1302 2539 Moschopuli
1325 2451 1517 2539 praesertim
1539 2452 1737 2518 catechismo
1761 2454 1892 2519 conlato
1915 2475 1997 2538 quae
2021 2454 2065 2518 sit
2083 2455 2176 2539 origo
2196 2456 2343 2520 innume·

476 2585 586 2628 rarum
613 2562 744 2626 illarum
768 2561 986 2625 mutationum
1009 2561 1257 2645 perspiciamus,
1287 2560 1404 2647 quibus
1433 2558 1593 2623 deteriora
1616 2559 1696 2624 artis
1720 2561 1921 2645 exemplaria
1944 2560 2121 2645 depravata
2144 2565 2221 2625 sunt
2245 2566 2340 2646 atque

476 2669 636 2734 interdum
660 2669 701 2732 ab
726 2667 798 2732 aliis
822 2666 971 2731 manibus
988 2666 1093 2742 ⁴etiam
1117 2668 1265 2733 meliora:
1289 2669 1408 2752 quippe
1432 2688 1471 2730 ex
1493 2666 1546 2730 his
1569 2668 1721 2732 correctis
1745 2668 1932 2733 erotematis
1954 2668 2044 2752 ipsos
2063 2668 2196 2733 technes
2215 2668 2341 2732 codices

477 2779 637 2840 correctos
661 2797 739 2840 esse.
774 2775 829 2839 sed
852 2775 1082 2885 grqvissimum
1107 2796 1232 2857 eorum,
1255 2796 1337 2859 quae
1358 2771 1400 2837 'ex
1422 2773 1473 2836 his
1497 2773 1702 2838 catechismis
1721 2774 1896 2859 lucremur,
1920 2773 2000 2839 mihi
2020 2775 2122 2839 videri
2140 2774 2341 2860 respondebo

476 2882 609 2946 tertium
637 2881 789 2966 quiddam
818 2902 903 2962 esse,
931 2880 1018 2966 quod
1044 2882 1109 2945 iam
1134 2903 1232 2965 supra
1255 2880 1451 2965 significari:
1483 2879 1602 2944 etenim
1625 2901 1709 2944 nunc
1732 2881 1861 2946 demum
1884 2903 1945 2947 nos
1968 2902 2175 2966 cognoscere,
2203 2905 2267 2967 qua
2290 2882 2343 2945 via

478 2992 511 3051 et
533 3010 591 3072 per
614 3010 694 3073 quos
718 2988 909 3053 mutationis
928 2988 1048 3072 gradus
1072 2987 1219 3053 doctrina
1237 2985 1439 3070 Dionysiana
1462 2986 1503 3050 ad
1526 2987 1598 3050 aevi
1621 2987 1805 3053 litterarum
1823 2989 2063 3053 renascentium
2080 2989 2342 3075 technographos

477 3094 671 3178 pervenerit
716 3094 937 3159 memorabilis
966 3098 1016 3158 est
1043 3099 1077 3158 et
1103 3094 1249 3178 apprime
1279 3092 1413 3157 idoneus
1442 3091 1482 3156 ad
1509 3092 1642 3156 illorum
1670 3093 1837 3159 hominum
1868 3095 1975 3159 studia
2003 3096 2226 3181 cognoscenda
2253 3098 2342 3162 locus

477 3199 729 3265 Constantini
752 3200 946 3284 Lascaris,
969 3200 1024 3284 qui
1048 3201 1168 3284 legitur
1190 3200 1224 3264 in
1247 3200 1391 3264 extremo
1413 3198 1498 3263 libro
1521 3196 1597 3282 περὶ
1621 3193 1787 3284 ὀνόματος
1808 3199 1864 3265 καί
1887 3198 2033 3285 ῥήματος
2052 3203 2167 3289 (totius
2183 3225 2343 3288 gramma·

478 3309 563 3372 ticae
586 3307 701 3371 tertius
725 3307 791 3392 est)
814 3331 835 3392 p
859 3308 924 3372 282
948 3307 995 3372 ed.
1019 3306 1092 3370 Ald.
1116 3329 1143 3371 a.
1170 3307 1264 3372 1557.
1301 3307 1358 3371 ubi
1380 3307 1522 3390 primum
1545 3306 1675 3390 quidem
1698 3308 1810 3372 laudat
1833 3303 1981 3391 διάφορα
2004 3306 2197 3394 ἐρωτήματα
2220 3314 2253 3373 et
2276 3307 2342 3371 ε’νιι-

477 3410 581 3496 τομὰς
603 3414 672 3477 τῶν
695 3412 884 3495 νεωτέρων,
908 3402 957 3478 ῶν
980 3414 1110 3496 πρῶτος
1129 3407 1148 3477 ό
1173 3408 1279 3497 σοφός
1301 3413 1508 3494 Μανουῆλος
1531 3406 1550 3477 ό
1574 3414 1805 3499 χρυσολωρᾶς,
1834 3409 1852 3481 ό
1877 3413 2048 3499 φυτεύσας
2069 3414 2124 3481 καὶ
2148 3414 2284 3491 διδάξας
2306 3413 2343 3477 ἐν

478 3521 588 3606 ίταλίμ
615 3515 655 3583 τὰ
685 3516 857 3602 ἑλληνικά,
888 3508 930 3584 οὗ
957 3515 995 3584 τὸ
1026 3522 1160 3601 βιβλίον
1187 3514 1250 3584 ούκ
1278 3513 1344 3584 οἷδ’
1377 3512 1466 3594 ὅπως
1493 3515 1582 3596 τινὲς
1608 3521 1676 3585 τῶν
1704 3514 1849 3604 ἀμαθῶν
1882 3527 2111 3598 συστείλαντες
2143 3519 2341 3603 διέφθειραν

477 3626 520 3710 (v.
540 3626 712 3691 Ritschelii
731 3626 844 3690 Thom.
862 3649 883 3710 p
903 3625 1001 3711 LIV).
1036 3623 1091 3690 καὶ
1114 3619 1185 3709 μετ’
1211 3625 1341 3690 ἐκεῖνον
1364 3619 1444 3708 μετὰ
1467 3619 1574 3689 πολλὰ
1597 3627 1652 3709 ἔτη
1677 3619 1695 3692 ό
1719 3622 1817 3691 πάντ’
1843 3623 1979 3713 ἄριστος
2002 3625 2176 3710 Θεόδωρος
2200 3620 2218 3691 ό
2242 3628 2342 3709 γαζης

478 3731 621 3815 τέσσαρα
644 3735 757 3816 βιβλία
781 3731 946 3815 συνέθηκε
970 3729 1129 3797 κάλλιστα
1151 3730 1207 3796 καὶ
1226 3726 1479 3815 ἐλλογιμώτατα.
1514 3732 1628 3796 deiude
1646 3735 1767 3819 pergit:
1790 3733 1860 3799 ἐπεὶ
1879 3732 1918 3801 δὲ
1935 3731 1955 3819 ἡ
1975 3730 2115 3818 ἡμετέρα
2133 3729 2340 3817 γραμματικὴ

478 3843 612 3922 ποικίλη
636 3862 671 3902 τε
694 3835 849 3923 τυγχάνει
873 3837 928 3904 καὶ
952 3835 1117 3916 δύσκολος
1138 3837 1194 3903 καὶ
1218 3829 1293 3903 οἷόν
1315 3862 1346 3902 τι
1369 3836 1512 3920 πέλαγος
1534 3834 1664 3922 ἀχανές,
1688 3835 1730 3905 ού
1750 3842 1803 3905 δεῖ
1819 3839 1898 3920 τούς
1916 3836 2082 3924 άκροατολς
2100 3836 2219 3924 μόναις
2237 3835 2343 3925 άρκεῖ-

479 3954 560 4011 σθαι
584 3957 656 4021 ταῖς
678 3944 861 4029 ἕπιτομαῖς,
886 3940 996 4030 ῶσπερ
1020 3949 1255 4031 σκιαγραφίαις
1279 3941 1410 4025 ούσαις,
1434 3939 1518 4008 άλλὰ
1542 3941 1610 4028 μετ’
1637 3945 1765 4025 ἐκείνας
1788 3952 1894 4032 ζητεῖν
1917 3944 1957 4012 τὰ
1981 3943 2200 4032 εὑρισκόμενα
2219 3942 2341 4010 παλαιὰ

477 4051 533 4116 καὶ
561 4052 620 4116 νεά
648 4050 857 4137 ἐρωτήματα,
890 4046 951 4135 ἀφ’
981 4040 1030 4118 ῶν
1056 4050 1112 4116 καὶ
1140 4047 1242 4129 αὐτὸς
1264 4049 1358 4115 ταυτὶ
1381 4047 1576 4135 ἠρυσάμηυ,
1608 4051 1663 4117 καὶ
1687 4049 1751 4119 ὅσα
1774 4051 1917 4139 εὐχερῶς
1941 4048 2111 4138 εὕρηνται·
2137 4041 2183 4118 ’τά
2206 4053 2342 4135 τέτταρα

479 4161 594 4241 βιβλία
617 4158 689 4243 (scil
713 4155 900 4244 syntaxeos)
922 4153 1148 4224 Ἀπολλωνίου
1170 4159 1231 4222 τοῦ
1256 4152 1425 4222 δυσκόλου
1449 4194 1489 4203 -
1510 4151 1724 4242 Ἡρωδιανοῦ
1746 4164 1883 4225 πλείστα
1908 4195 1946 4206 -
1973 4159 2149 4243 Σνγγέλον
2171 4162 2232 4226 τοῦ
2258 4159 2342 4242 ίερο-

422 4282 425 4291 ’
479 4269 661 4349 σολυμίτου
683 4260 721 4330 τό
745 4263 821 4350 περὶ
845 4260 1031 4342 συντάξεως
1053 4265 1128 4351 (hac
1150 4265 1292 4329 nominis
1315 4265 1433 4346 forma,
1457 4285 1539 4348 quae
1562 4266 1598 4329 in
1621 4269 1725 4332 altera
1748 4287 1875 4351 quoque
1898 4272 1931 4332 et
1954 4269 2055 4333 tertia
2077 4268 2197 4333 Aldina
2219 4267 2342 4332 inveni·

478 4375 545 4453 tur,
569 4373 603 4435 in
626 4372 706 4455 ipsis
730 4371 892 4435 codicibus
916 4370 1002 4434 haud
1025 4370 1137 4454 paucis
1160 4368 1302 4436 Michael
1325 4369 1492 4456 Syncellus
1515 4371 1713 4460 appellatur)
1731 4410 1769 4420 -
1792 4372 1951 4458 Μαξίμου
1973 4375 2035 4439 τού
2055 4371 2260 4440 Πλανούδου
2283 4367 2343 4438 τὸν

479 4474 639 4561 διάλογον
662 4476 717 4542 καὶ
740 4475 778 4542 τὸ
802 4474 877 4561 περὶ
901 4472 1087 4555 συντάξεως
1105 4475 1160 4541 καί
1179 4476 1254 4563 περὶ
1273 4478 1500 4562 μεταβατικῶν
1519 4474 1575 4540 καὶ
1593 4475 1808 4562 άμεταβάτων
1823 4515 1865 4524 -
1885 4476 2070 4564 Τρύφωνος
2087 4478 2142 4544 καὶ
2158 4481 2344 4545 Θεοδοσίου

478 4582 533 4648 καὶ
553 4585 786 4669 Χοιροβοσκού
805 4578 845 4648 τά
865 4578 1102 4669 εὑρισκόμενα,
1121 4581 1196 4668 περὶ
1216 4581 1427 4668 συνωνύμων
1446 4581 1619 4668 βημάτων,
1637 4582 1713 4669 περὶ
1731 4581 1865 4670 τρόπων
1883 4584 1940 4650 καὶ
1959 4583 2136 4672 σχημάτων
2150 4587 2343 4669 ποιητικῶν,

368 4715 373 4727 ·
479 4688 553 4773 περὶ
567 4692 701 4772 παθῶν,
720 4688 795 4774 περὶ
810 4685 1022 4774 πνευμάτων,
1041 4689 1116 4774 περὶ
1130 4687 1306 4773 ποιότητος
1323 4688 1379 4755 καὶ
1393 4688 1588 4775 ποσότητος,
1601 4690 1676 4775 περὶ
1692 4687 1936 4777 όρθογραφίας,
1950 4691 2025 4779 περὶ
2040 4689 2231 4778 ἰδιωμάτων
2247 4730 2288 4739 —-
2302 4687 2343 4756 τὰ

478 4799 540 4862 τοῦ
564 4793 815 4882 Μοσχοπούλου
841 4793 950 4861 πάντα
975 4832 1014 4842 -
1040 4792 1100 4873 τάς
1127 4793 1266 4880 ἐκλογάς
1288 4799 1391 4882 Θωμᾶ
1414 4800 1475 4863 τοῦ
1500 4801 1685 4883 μαγίστρου
1708 4835 1751 4844 -
1774 4793 1832 4877 τὰς
1853 4800 1915 4865 τοῦ
1941 4802 2115 4885 Φρυνίχου
2139 4837 2177 4846 -
2202 4794 2261 4876 τὰς
2283 4798 2344 4863 τοῦ

474 4897 761 4987 (Αρποκρατίωνος
781 4939 819 4950 -
840 4899 901 4967 τὸν
925 4899 1148 4986 Πολυδεύκην
1171 4899 1276 4968 αὐτόν
1293 4940 1331 4950 -
1347 4900 1388 4968 τά
1412 4903 1487 4990 περὶ
1511 4905 1641 4990 μέτρων
1664 4903 1812 4991 διάφορα
1833 4901 1948 4972 καὶτὰ
1971 4907 2033 4971 τοῦ
2043 4900 2287 4990 Ἡφαιστίωνος
2302 4941 2343 4950 -

479 5006 517 5074 τὸ
545 5006 620 5095 περὶ
648 5005 758 5074 τόνων
776 5004 989 5093 Ἡρωδιανοῦ
1016 5007 1071 5074 καὶ
1095 5012 1299 5093 Θεοδοσίου,
1330 5003 1348 5076 δ
1373 5009 1555 5096 συνέτεμον
1578 5011 1615 5076 ἐν
1638 5013 1757 5096 βραχεῖ
1778 5008 1841 5097 (cfr
1863 5010 1962 5077 Lentu
1985 5010 2001 5077 I
2025 5035 2046 5097 p
2068 5011 2205 5096 LXVII)
2237 5048 2273 5056 -
2304 5007 2344 5075 τὰ

480 5113 606 5199 λεξικά,
637 5111 677 5180 τά
706 5111 924 5200 ἐτυμολογικᾶ
948 5113 1002 5181 καὶ
1025 5105 1145 5197 τᾶλλα,
1174 5112 1237 5183 ὅσα
1260 5119 1307 5195 είς
1329 5113 1387 5195 τὰς
1409 5112 1513 5209 άρχδις
1536 5112 1651 5201 sivriaco
1674 5115 1729 5182 καὶ
1751 5116 1891 5202 θεμέλια
1913 5119 1972 5202 τῆς
1995 5116 2168 5204 ἑλληνικῆς
2190 5114 2344 5200 γλῶττης.
