5130 6240
1218 624 1424 670 ..lv-

391 767 620 852 discreparent,
638 768 672 832 in
685 768 821 832 latinam
836 767 981 854 linguam
997 766 1196 832 transferret
1220 766 1327 850 Atque
1346 766 1451 850 primo
1471 767 1587 831 obtutu
1602 767 1705 831 elucet
1721 766 1762 831 ad
1775 766 1947 850 pristinam
1962 768 2093 832 teehnes
2112 767 2248 832 formam

391 873 643 959 recuperandam
666 896 731 939 non
755 874 887 938 minoris
912 895 981 939 esse
1001 871 1117 957 Syrum
1141 893 1239 956 quam
1258 872 1448 937 Armenium
1471 874 1640 957 momenti,
1664 874 1719 957 qui
1742 873 1812 958 ipse
1836 895 1961 958 quoque
1985 879 2119 939 exeunte
2139 875 2250 958 quinto

392 981 521 1046 saeculo
544 980 670 1045 videtur
694 985 797 1046 artem
820 978 970 1064 Dionysii
994 980 1201 1045 convertisse.

549 1085 636 1151 Nam
663 1087 803 1171 primum
830 1107 986 1171 persaepe
1016 1085 1110 1151 huius
1140 1085 1363 1150 testimonium
1392 1086 1433 1151 ab
1457 1085 1539 1171 Syro
1569 1088 1778 1152 confirmatur
1804 1089 1918 1152 contra
1946 1086 2089 1151 codicum
2114 1087 2251 1154 acholio·

391 1215 526 1277 rumque
549 1193 600 1257 vel
624 1197 709 1258 certe
733 1191 878 1257 codicum
902 1196 1102 1276 concentum,
1127 1213 1208 1275 quae
1233 1191 1361 1276 quidem
1382 1192 1585 1257 confirmatio
1609 1213 1681 1256 cum
1705 1191 1783 1256 alibi
1802 1195 1871 1256 tum
1889 1193 1957 1257 illic
1975 1194 2086 1277 magni
2106 1193 2252 1259 facienda

392 1304 455 1382 est,
477 1300 534 1364 ubi
558 1300 591 1364 in
613 1300 879 1384 interpretatione
903 1300 1049 1364 armenia
1072 1302 1129 1363 aut
1152 1298 1274 1382 aliquid
1298 1299 1389 1363 deest
1411 1298 1495 1383 quod
1519 1299 1716 1383 exemplaria
1738 1300 1819 1363 artis
1844 1299 2009 1382 exhibent,
2032 1305 2089 1366 aut
2107 1300 2251 1367 additum

392 1406 513 1490 aliquid
538 1407 658 1492 legitur
682 1428 745 1491 quo
769 1407 827 1470 illa
845 1412 964 1471 carent.
1000 1405 1111 1470 Etiam
1134 1406 1169 1469 in
1187 1405 1417 1470 vetustissimis
1453 1404 1586 1470 technes
1605 1404 1802 1490 apographis
1821 1404 1901 1470 haec
1920 1406 2085 1471 invenitur
2102 1406 2251 1471 adiectivi

391 1513 532 1577 nominis
552 1512 696 1577 definitio
716 1511 751 1598 (p
771 1513 849 1594 636,
871 1514 910 1578 18
931 1512 1032 1578 Beklr.
1056 1511 1147 1596 34,3
1168 1511 1215 1576 ed.
1230 1508 1348 1611 meae):
1373 1510 1529 1576 ἐπίθετον
1548 1509 1588 1576 def
1604 1510 1672 1576 ἐστι
1690 1505 1729 1577 τὸ
1748 1508 1800 1576 ἐπὶ
1819 1513 1945 1594 κυρίων
1960 1505 1981 1595 ἢ
1996 1515 2251 1597 προσηγορικῶν

392 1612 578 1702 ὁμωνύμως
596 1618 774 1702 τνθέμενον
792 1617 847 1683 καὶ
863 1619 990 1702 δηλοῦν
1005 1620 1143 1683 ἔπαινον
1157 1611 1179 1702 ἢ
1193 1615 1321 1701 ψόγον,
1344 1639 1446 1702 neque
1461 1617 1527 1682 alia
1541 1619 1694 1703 leguntur
1707 1618 1741 1682 in
1756 1618 1907 1683 lemmate
1921 1619 2037 1685 scholii
2052 1619 2251 1685 collectionis

391 1723 584 1809 Vaticanae,
611 1726 645 1789 in
673 1726 939 1791 commentariolo
967 1726 1119 1810 byzantio
1146 1724 1188 1790 ab
1211 1723 1371 1809 Hilgardo
1400 1723 1501 1807 edito,
1528 1725 1561 1788 in
1584 1722 1804 1789 vetustissimo
1829 1725 2097 1790 catechismorum
2122 1730 2253 1790 exarte

391 1830 597 1916 Dionysiana
614 1830 790 1915 factorum,
813 1831 897 1916 apud
918 1836 1082 1897 auctorem
1102 1831 1382 1915 epimerismorum
1401 1829 1560 1913 psalterii,
1584 1831 1619 1894 in
1637 1830 1853 1915 etymologico
1874 1827 2037 1915 Gudiano,
2055 1832 2089 1896 in
2109 1830 2252 1896 Zonarae

390 1939 503 2003 lexico.
548 1938 604 2004 sed
630 1939 705 2023 quid
728 1938 808 2004 illud
831 1933 1018 2023 ὁμωνύμως
1041 1938 1250 2023 significaret,
1279 1933 1566 2001 OEASchmidtius
1590 1937 1812 2021 symbolarum
1839 1958 1970 2002 suarum
1998 1960 2020 2021 p
2043 1938 2107 2002 239
2131 1938 2254 2003 frustra

392 2045 516 2110 studuit
538 2045 725 2130 explanare,
752 2067 810 2110 nec
834 2045 874 2110 ab
899 2044 1061 2110 communi
1084 2044 1228 2109 omnium
1253 2042 1472 2126 epithetorum
1496 2043 1644 2110 finitione
1666 2043 1861 2110 vocabulum
1884 2065 1951 2109 non
1973 2044 2114 2109 alienum
2139 2048 2200 2129 est,
2224 2047 2252 2110 si

391 2150 607 2218 Schoemanni
634 2153 936 2237 interpretationem
959 2150 1108 2236 (Redeth.
1131 2172 1152 2234 p
1177 2148 1234 2234 89)
1264 2136 1440 2233 sequimur.'
1472 2149 1595 2215 accedit
1623 2148 1707 2235 quod
1731 2150 1766 2214 in
1789 2151 1922 2215 scholiis
1945 2151 2026 2235 ipsis
2051 2151 2252 2217 collectionis

390 2256 568 2324 Vaticanus
592 2258 779 2324 adverbium
801 2280 869 2324 non
892 2259 1092 2322 inlustratur.
1124 2260 1270 2321 attamen
1293 2256 1345 2320 his
1368 2260 1497 2321 tantum
1521 2257 1703 2323 rationibus
1721 2257 1789 2322 nixi
1807 2278 1873 2322 non
1893 2255 2081 2321 auderemus
2100 2252 2251 2337 ἄθετεῑνς

390 2386 475 2430 nunc
499 2364 665 2442 audemus,
693 2369 866 2449 postquam
890 2364 1098 2450 cognorimus
1121 2384 1180 2427 nec
1203 2361 1397 2428 Armenium
1421 2358 1608 2447 ὁμωνύμως
1630 2364 1879 2448 interpretatum
1903 2385 1973 2428 esse
1997 2384 2100 2447 neque
2125 2362 2252 2448 Syrum.

391 2471 551 2556 originem
575 2475 683 2535 autem
707 2471 919 2536 additamenti
943 2493 981 2536 ex
1004 2470 1192 2536 definitione
1214 2468 1403 2554 homonymi
1425 2494 1447 2555 p
1466 2471 1540 2553 636,
1559 2471 1602 2536 26
1626 2469 1844 2555 repetiverim,
1871 2469 1956 2555 quod
1979 2469 2098 2535 dicitur
2120 2492 2190 2536 esse
2213 2466 2251 2536 τὸ

390 2572 472 2640 κατὰ
495 2578 629 2643 πολλῶν
653 2573 839 2662 ὁμωνύμως
860 2576 1049 2662 τιθέμενον.
1078 2614 1116 2624 -
1146 2576 1186 2641 In
1209 2575 1315 2659 capite
1339 2574 1413 2660 περὶ
1437 2572 1659 2661 ἑπηρρήματος
1689 2598 1801 2641 omnes
1831 2575 1956 2660 codices
1979 2575 2138 2661 praebent
2161 2581 2251 2642 sexto

391 2682 515 2748 decimo
538 2683 610 2748 loco
634 2682 670 2768 (p
690 2685 764 2767 642,
785 2682 840 2771 10)
863 2683 946 2750 hanc
970 2683 1121 2769 speciem:
1149 2677 1188 2747 τὰ
1213 2679 1250 2747 δὲ
1273 2677 1477 2766 ἀθροίσεως,
1505 2674 1580 2749 οἷον
1603 2678 1713 2767 ἄρδην
1735 2677 1803 2767 ἅμα
1826 2678 1946 2766 ἥλνθα,
1969 2682 2123 2748 vicesimo
2146 2684 2251 2767 primo

389 2785 425 2873 (p
441 2789 515 2873 642,
531 2791 586 2875 14)
610 2790 726 2856 hanee:
748 2785 789 2855 τὰ
812 2787 850 2856 δὲ
873 2786 1081 2874 συλλήψεως,
1105 2781 1180 2857 οἷον
1203 2784 1271 2873 ἅμα
1291 2784 1377 2874 ὁμοῦ
1395 2785 1525 2873 ἄμυδις.
1558 2789 1613 2854 sed
1632 2788 1709 2873 quid
1734 2790 1797 2855 sibi
1820 2790 1923 2855 velint
1942 2785 2144 2873 συλληπτικύ
2161 2791 2252 2856 iuxta

390 2889 607 2979 ἄθροιστικύ,
629 2919 725 2962 nemo
748 2897 843 2963 dieat.
880 2901 976 2982 atque
996 2898 1158 2962 omittitur
1176 2892 1371 2979 συλλήψεως
1394 2896 1506 2961 classis
1525 2895 1561 2960 in
1579 2895 1781 2961 catechismis
1801 2900 1834 2960 et
1847 2896 1893 2960 'ab
1912 2895 2024 2960 latinis
2045 2896 2251 2983 artigraphis,

391 3023 494 3085 neque
514 3003 705 3087 explanatur
723 3004 756 3069 in
776 3005 1007 3070 commentario
1021 3003 1225 3070 Heliodoreo.
1250 3025 1362 3068 verum
1382 3002 1544 3068 enimvero
1563 3006 1727 3068 testantur
1745 3023 1816 3066 eam
1835 3002 1982 3068 scholion
1996 3000 2252 3088 Stephanianum

391 3111 425 3172 et
452 3108 571 3173 lemma
598 3109 646 3174 illi
674 3110 888 3195 praemissum
915 3115 949 3176 et
971 3111 1097 3176 lexicon
1119 3110 1435 3192 Baehmannianum,
1463 3114 1500 3173 ut
1522 3108 1705 3173 dubitarem
1733 3108 1835 3173 eicere
1857 3109 1922 3173 nisi
1945 3108 2092 3174 Armenii
2114 3107 2251 3195 Syrique

392 3234 567 3279 consensus
591 3215 834 3282 condemnaret:
857 3238 934 3281 nam
952 3220 1088 3301 uterque
1107 3237 1347 3301 supervacanea
1365 3237 1491 3301 quoque
1511 3221 1544 3280 et
1562 3237 1714 3301 perversa
1733 3215 1905 3301 diligenter
1923 3237 2121 3300 expressere,
2139 3221 2252 3301 utpote

390 3320 572 3386 imitatores
595 3322 818 3388 incredibilem
840 3324 876 3387 in
899 3324 1032 3391 modum
1055 3322 1233 3408 serviles.*)
1260 3359 1297 3370 -
1323 3323 1613 3388 Μετουσιαστικοῦ
1641 3315 1806 3406 ὀνόματος
1828 3321 1981 3405 speeiem,
2008 3322 2029 3386 i.
2054 3343 2079 3386 e.
2102 3323 2171 3387 eius
2195 3344 2251 3387 no·

391 3427 506 3511 minis,
533 3428 618 3513 quod
646 3429 767 3494 indicat
794 3451 833 3494 ex
860 3452 925 3515 qua
951 3431 1090 3496 materia
1117 3429 1239 3514 aliquid
1266 3429 1389 3494 factum
1413 3429 1470 3513 sit,
1498 3429 1649 3494 meliores
1677 3429 1752 3494 libri
1781 3432 1814 3493 et
1842 3432 2019 3495 erotemata
2042 3429 2195 3495 exhibent
2217 3430 2251 3494 in

392 3533 474 3599 serie
504 3536 684 3619 specierum
706 3537 920 3603 nominalium
942 3537 1012 3603 loeo
1037 3538 1167 3620 ultimo,
1194 3537 1370 3602 deteriores
1399 3534 1524 3601 codices
1545 3541 1577 3600 et
1595 3536 1878 3601 commentariolus
1902 3536 2100 3620 paenultimo
2120 3533 2155 3623 (p
2177 3536 2252 3621 636,

396 3640 438 3705 15
465 3644 498 3705 et
528 3641 601 3726 637,
619 3640 691 3730 25),
718 3643 912 3709 vetustiores
939 3643 1134 3709 scholiastae
1161 3643 1313 3709 videntur
1341 3643 1473 3707 omnino
1500 3663 1565 3706 non
1593 3642 1725 3728 legisse,
1754 3642 1841 3707 haud
1869 3642 1964 3707 dubie
1991 3664 2050 3708 nec
2078 3642 2251 3709 Armenius

394 3747 525 3832 legebat
547 3770 606 3814 nec
626 3748 736 3834 Syrus.
768 3771 846 3835 ergo
870 3750 1050 3834 posteriore
1073 3751 1202 3815 demum
1220 3755 1366 3834 tempore
1385 3750 1420 3813 in
1439 3752 1541 3813 artem
1561 3748 1710 3833 Dionysii
1729 3749 1834 3813 inlata
1852 3751 1909 3813 est.
1935 3785 1973 3795 -
1999 3747 2077 3812 Plus
2095 3749 2252 3833 praebent

393 3853 508 3919 simiae
536 3856 710 3921 orientales
738 3877 764 3921 e.
792 3877 822 3941 g.
849 3880 871 3941 p
894 3857 970 3940 642,
995 3857 1050 3940 10,
1078 3857 1134 3922 ubi
1157 3857 1190 3920 in
1214 3856 1378 3922 codicibus
1402 3856 1554 3940 legimus:
1580 3851 1621 3920 τὰ
1646 3852 1684 3921 δὲ
1706 3851 1990 3938 παρακελεύσεως,
2019 3845 2094 3921 οἷον
2118 3850 2169 3920 εἶα
2191 3851 2252 3938 ἄγε

392 3959 481 4046 φέρε.
513 3962 569 4028 sed
592 3962 764 4028 Armenius
793 3962 933 4048 quinque
956 3963 1103 4048 exempla
1125 3967 1304 4046 enumerat,
1327 3984 1463 4047 quorum
1487 3963 1628 4047 primum
1651 3963 1804 4047 exprimit
1825 3957 1899 4045 ἄγε,
1927 3961 2066 4026 alterum
2091 3961 2251 4048 signifieat

391 4069 472 4153 eine,
492 4074 613 4151 patere,
640 4068 774 4133 tertium
801 4066 906 4133 reddit
928 4066 1024 4153 φέρε,
1052 4074 1202 4155 quartum
1229 4069 1313 4134 idem
1337 4071 1425 4134 valet
1447 4069 1534 4155 quod
1560 4071 1587 4155 i,
1614 4070 1763 4155 quintum
1790 4066 1824 4132 id
1851 4066 1937 4152 quod
1959 4069 2040 4153 eeni3
2070 4067 2171 4153 Syrus
2195 4090 2251 4133 sex

393 4175 559 4259 adverbia,
582 4196 719 4258 quorum
738 4174 877 4239 alterum
895 4179 929 4240 et
941 4176 1076 4241 tertium
1090 4177 1285 4260 respondent
1298 4177 1424 4262 graecis
1439 4172 1498 4259 ἄγε
1512 4180 1546 4241 et
1559 4174 1653 4260 φέρε,
1671 4175 1811 4259 primum
1826 4173 1990 4259 signifieat
2002 4174 2081 4257 εἰπε,
2099 4178 2251 4258 quartum

391 4284 418 4367 i,
441 4283 589 4366 quintum
611 4282 693 4365 cerei,
716 4285 842 4345 sextum
863 4281 924 4362 suc
960 4281 1043 4346 unde
1068 4282 1153 4348 effici
1172 4283 1311 4367 videtur,
1333 4288 1409 4367 post
1427 4279 1508 4366 φέρε
1524 4286 1693 4365 utrumque
1708 4281 1806 4345 etiam
1826 4285 1878 4344 ῑθι
1898 4280 1999 4363 δεῦρο
2023 4278 2251 4368 invenisse.**)

551 4528 577 4597 t)
601 4527 679 4583 euius
698 4525 864 4581 imitationis
886 4527 1130 4584 mirificentissima
1148 4527 1296 4582 Armenius
1314 4526 1394 4582 dedit
1411 4527 1552 4597 exempla,
1575 4526 1624 4581 ubi
1643 4542 1715 4594 quae
1733 4541 1752 4581 a
1768 4525 1853 4596 patrii
1871 4527 2006 4583 samonis
2024 4525 2120 4581 indole
2137 4542 2251 4596 prorsus

392 4615 582 4671 abhorrebant
600 4617 763 4671 convertere
782 4618 898 4670 conatus
916 4619 968 4672 eat
991 4617 1021 4672 in
1039 4617 1131 4687 capite
1150 4616 1185 4670 de
1204 4616 1323 4671 articulo
1341 4616 1416 4687 apud
1433 4615 1600 4686 Dionysium
1616 4614 1737 4686 legimus
1755 4622 1849 4686 polo,
1864 4622 1893 4672 9:
1912 4611 2033 4687 ἄρωμολ
2050 4620 2138 4685 τρεῖς,
2157 4609 2252 4678 ἐοικός

392 4701 491 4767 dotatis
512 4700 716 4774 πληθυντικόν
745 4698 840 4766 {erade
862 4702 915 4775 pte
938 4700 954 4760 ὁ
978 4701 996 4774 ἡ
1019 4701 1066 4775 τό,
1088 4701 1187 4767 dotem
1209 4702 1242 4759 δὲ
1266 4700 1304 4759 τύ
1322 4701 1371 4775 τύ,
1393 4701 1587 4774 unvunands
1603 4703 1637 4760 di
1656 4702 1686 4759 oi
1702 4702 1735 4759 ai
1750 4703 1799 4775 τύ,
1819 4722 1935 4775 quorum
1953 4705 2102 4761 verborum
2125 4720 2198 4772 qnae
2216 4704 2251 4759 de

392 4793 528 4865 singulari
545 4795 575 4849 et
591 4793 695 4864 plurali
713 4791 792 4847 dieta
809 4795 887 4862 sunt,
904 4793 1045 4863 duplicem
1064 4794 1101 4850 ob
1118 4810 1232 4849 cauum
1250 4792 1280 4848 in
1293 4794 1447 4850 armenium
1461 4810 1617 4849 sermonem
1631 4794 1777 4850 haneferri
1789 4797 1944 4865 nequeunt;
1963 4809 2010 4862 ea,
2028 4809 2100 4864 qnae
2114 4793 2149 4847 de
2164 4791 2249 4861 duali,

392 4882 429 4937 ob
447 4881 600 4952 triplicem:
623 4898 689 4936 nam
708 4898 760 4937 nee
777 4881 927 4937 ardentum
944 4883 1033 4939 habet
1049 4883 1120 4939 baec
1138 4882 1236 4953 lingue
1256 4899 1309 4938 nec
1327 4899 1461 4954 generum
1479 4882 1688 4939 deductionem
1706 4899 1758 4939 nec
1778 4882 1890 4939 dualem
1907 4898 2061 4938 numerum.
2090 4881 2141 4938 sed
2153 4896 2189 4936 ne
2202 4879 2250 4936 bie

393 4970 507 5040 quidem
526 4971 673 5026 Armenius
692 4971 842 5026 imitatoris
860 4989 974 5027 munere
992 4989 1022 5028 se
1039 4971 1191 5028 abdicavit

534 5059 576 5129 ⁶)
596 5057 630 5114 ἔα
643 5076 699 5130 pro
718 5057 764 5115 εἶα
783 5058 885 5130 Syrum
901 5061 1120 5131 Armeniumque
1138 5059 1242 5131 legisse
1259 5077 1317 5117 non
1334 5060 1492 5131 putaverim
1511 5062 1692 5132 (quamquam
1710 5061 1785 5132 apud
1800 5061 1970 5131 Hesychium
1985 5061 2100 5118 Suidem
2116 5061 2251 5118 Zonaram

393 5149 526 5205 occurrit:
547 5147 580 5203 ἔα
599 5144 648 5218 δή·
668 5145 719 5219 dyc
738 5145 803 5219 δή),
821 5149 871 5205 aad
888 5165 1036 5221 perperam
1053 5145 1100 5204 alc
1117 5148 1154 5203 ab
1173 5145 1226 5205 ἐᾶν
1244 5149 1394 5206 derivasse.
