4882 6240
131 770 137 781 '
171 765 343 853 κτητοροςς
371 787 431 830 nec
453 765 549 831 aliter
570 763 630 848 Er,
656 764 719 829 nisi
747 763 832 849 quod
856 760 1064 847 ἐμπεπτωκός
1092 763 1256 848 exhibent,
1283 787 1381 850 quam
1404 765 1622 849 corruptelam
1646 766 1681 830 in
1704 766 1813 831 oculos
1835 767 1972 831 incurrit
1995 789 2033 831 ex

172 875 398 959 subsequentis
431 873 520 938 vocis
549 872 679 955 syllaba
709 871 816 957 prima
846 874 958 936 natam
986 893 1064 936 esse.
1114 870 1194 934 haec
1223 875 1331 935 autem
1359 873 1484 936 macula
1511 895 1551 937 ex
1580 872 1816 956 antiquioribus
1845 875 2033 938 erotematis

171 982 308 1066 inrepsit
329 1002 396 1046 non
421 980 525 1046 solum
547 979 580 1042 in
606 977 762 1042 Leidense
786 979 866 1043 artis
890 978 1066 1062 exemplar,
1093 978 1150 1041 ubi
1174 978 1215 1041 ab
1239 978 1343 1042 altera
1365 1001 1464 1043 manu
1488 979 1527 1062 ἐμ
1550 1001 1649 1063 supra
1672 979 1829 1062 scriptum
1853 982 1916 1063 est,
1944 985 1977 1043 et
1999 980 2032 1043 in

171 1088 432 1155 commentarioli
455 1108 554 1151 unum
578 1085 721 1151 codicem
735 1083 813 1170 (ol),
836 1085 891 1169 qui
916 1087 1044 1169 saepius
1060 1106 1098 1149 ex
1117 1085 1304 1149 erotematis
1323 1086 1535 1169 interpolatus
1551 1090 1613 1169 est,
1637 1089 1669 1150 et
1686 1086 1720 1150 in
1736 1084 1880 1150 Zonarae
1898 1085 2033 1169 lexicon,

171 1197 225 1260 sed
254 1195 353 1260 etiam
382 1194 417 1258 in
444 1192 676 1258 catechismum
698 1190 881 1273 Nilianum,
908 1213 1104 1276 quamquam
1129 1191 1326 1255 absterserat
1348 1191 1588 1277 Moschopulus.
1619 1229 1657 1239 -
1688 1191 1811 1258 Contra
1837 1215 1904 1258 nen
1928 1193 2033 1258 solum

170 1302 326 1387 inspexit,
356 1300 411 1364 sed
439 1299 610 1382 exscripsit
637 1297 733 1362 Nilus
765 1301 942 1362 correctum
970 1298 1201 1363 catechismum
1223 1298 1315 1362 nulla
1337 1299 1460 1363 ratione
1485 1299 1678 1382 antiquioris
1701 1299 1824 1364 formae
1847 1300 1962 1364 habita
1984 1301 2032 1365 in·

168 1408 313 1474 numeris
342 1408 414 1472 aliis
441 1407 529 1471 locis.
570 1406 643 1470 vide
672 1404 753 1469 mihi
781 1405 816 1469 in
843 1404 965 1469 tabulis
993 1405 1072 1468 meis
1101 1428 1123 1489 p
1146 1406 1180 1489 2,
1204 1407 1234 1469 4.
1257 1407 1291 1487 4,
1315 1406 1366 1470 32.
1395 1406 1429 1489 6,
1452 1405 1481 1471 5.
1526 1406 1637 1471 omisit
1663 1406 1697 1469 in
1724 1406 1827 1487 capite
1854 1403 1929 1491 περὶ
1958 1401 2033 1472 ὀνό-

169 1538 272 1599 ματος
299 1537 371 1579 cum
393 1512 607 1597 Moschopulo
631 1508 833 1596 φερώνυμον
857 1507 1029 1595 διώνυμον
1053 1507 1238 1595 ἐποὶννμον.
1279 1511 1426 1576 definivit
1449 1512 1562 1576 eodem
1585 1511 1664 1576 duce
1691 1507 1799 1596 ὄνομα
1827 1506 1873 1589 ὥς
1894 1510 1979 1599 πρός
1999 1535 2032 1577 τι

171 1623 248 1706 ἔχον
275 1621 363 1686 hisce
389 1620 510 1685 verbis:
542 1614 580 1684 τὸ
609 1613 692 1703 πρὸς
719 1617 833 1704 ἕτερον
861 1615 923 1702 μὲν
950 1614 1148 1702 λεγόμενον,
1177 1613 1249 1682 κατ’
1281 1614 1495 1701 ἐναντιότητα
1524 1615 1561 1684 δὲ
1587 1615 1787 1704 φθαρτικήν.
1816 1656 1858 1666 -
1885 1618 2033 1704 Denique

170 1729 332 1813 proferam
364 1727 443 1792 duos
475 1726 577 1809 locos,
609 1726 665 1790 ubi
692 1725 789 1790 Nilus
822 1726 1025 1791 definitiones
1059 1747 1133 1790 suas
1166 1748 1204 1789 er
1237 1727 1419 1810 antiquiore
1450 1726 1554 1790 forma
1581 1729 1614 1789 et
1640 1725 1867 1809 Moschopulia
1895 1728 2031 1792 miscuit.

170 1831 347 1918 Dionysius
375 1834 449 1916 637,
479 1833 533 1898 18:
560 1830 784 1916 πεποιημένον
815 1832 855 1898 de'
880 1831 948 1896 ἐστι
975 1828 1014 1896 τὸ
1042 1827 1131 1916 παρὰ
1157 1828 1217 1908 τὰς
1244 1832 1311 1897 τῶν
1335 1827 1426 1917 ἤχων
1450 1828 1618 1916 ἰδιότητας
1640 1832 1821 1915 μιμητικῶς
1844 1832 2031 1917 εἰρημένον,

170 1941 345 2025 eademque
368 1942 522 2024 leguntur
544 1939 580 2003 in
602 1938 661 2022 ΕΒ,
688 1938 744 2003 sed
767 1939 801 2003 in
824 1936 869 2002 Eb
891 1935 1068 2022 ποιότητας
1089 1960 1149 2023 pro
1173 1936 1352 2023 ἰδιότητας,
1381 1940 1467 2023 apud
1489 1937 1603 2003 Nilum
1625 1935 1802 2021 ποιότητας
1824 1932 1845 2022 ἢ
1869 1937 1924 2003 καὶ
1949 1936 2032 2005 ἰδιό-

169 2070 275 2130 τητας.
310 2045 491 2130 Dionysius
507 2046 580 2128 631,
597 2046 632 2109 λε
650 2039 851 2130 προτακτικὰ
866 2043 994 2128 λέγεται
1009 2046 1081 2126 [εοί]
1096 2069 1118 2109 α
1132 2069 1147 2110 ε
1161 2069 1183 2128 η
1198 2068 1217 2110 o
1232 2047 1289 2126 u]‚
1309 2040 1360 2110 ὅτι
1378 2041 1632 2129 προταττόμενον
1646 2046 1707 2109 τοῦ
1722 2046 1741 2108 ῐ
1754 2042 1809 2109 καὶ
1824 2048 1846 2109 ir
1859 2042 2032 2129 συλλαβὴν

169 2146 336 2234 ἀποτελεῖ,
364 2173 422 2218 nec
450 2151 547 2216 aliter
572 2150 632 2234 ΕΒ,
661 2152 716 2216 sed
744 2148 789 2216 Eb
815 2147 875 2228 τὰς
901 2151 1111 2236 διφθόγγονς
1139 2147 1307 2235 ἀποτελεῖ,
1335 2152 1430 2218 Nilus
1458 2147 1629 2236 συλλαβὴν
1658 2147 1893 2229 ἀποτελοῦσιν,
1924 2148 1969 2230 ὡς
1996 2154 2034 2218 cd

170 2260 364 2343 δίφθογγον
391 2296 428 2306 -
455 2257 607 2324 Ceterum
629 2262 808 2324 erotemata
822 2259 921 2323 etiam
936 2281 994 2323 suo
1009 2259 1114 2325 Marte
1133 2282 1376 2343 nonnumquam
1391 2258 1629 2325 contaminator
1642 2258 1841 2342 immutavit,
1864 2259 2031 2344 multaque

171 2367 282 2430 omisit
305 2387 387 2450 quae
411 2369 444 2431 et
464 2365 511 2430 ΕΒ
534 2371 567 2430 et
589 2362 634 2429 El
657 2365 812 2431 exhibent
834 2362 897 2452 (cfr
919 2365 1003 2431 infra
1025 2389 1047 2450 p
1070 2367 1100 2448 2,
1123 2368 1175 2431 42.
1199 2367 1250 2432 50.
1273 2368 1304 2451 4,
1318 2367 1369 2431 21.
1394 2367 1445 2430 26.
1471 2362 1582 2451 12,1),
1605 2369 1641 2429 ut
1664 2365 1698 2429 in
1721 2368 1835 2449 aperto
1859 2365 1903 2430 sit
1924 2363 2028 2430 Nilia·

168 2495 244 2538 nam
266 2468 422 2557 γνώσεως
444 2466 554 2556 πηγὴν
576 2471 828 2557 haudquaquam
852 2472 983 2558 dignam
1007 2494 1077 2538 esse
1101 2495 1182 2558 quae
1205 2474 1340 2557 limpida
1363 2476 1396 2538 et
1418 2473 1547 2556 integra
1569 2468 1795 2556 appelletur.*)

328 2578 451 2646 Verum
480 2578 644 2644 enimvero
671 2579 793 2644 maiore
821 2580 918 2644 etiam
946 2580 1116 2668 intervallo
1144 2580 1186 2644 ab
1214 2581 1354 2666 genuina
1376 2583 1590 2645 erotematum
1612 2578 1719 2644 forma
1743 2577 1865 2641 distant
1888 2601 1926 2645 eu
1949 2601 2031 2664 quae

169 2684 411 2773 Tubingensi
435 2687 641 2752 continentur
663 2687 771 2752 codice
793 2685 829 2750 M
847 2687 877 2768 6,
895 2688 952 2770 24,
980 2686 1019 2750 de
1047 2708 1110 2771 quo
1139 2687 1222 2752 libro
1246 2686 1399 2752 Flachius
1426 2686 1538 2751 retulit
1565 2685 1599 2750 in
1622 2684 1822 2750 Fleckeiseni
1848 2685 2029 2750 Annalibus

171 2795 255 2860 1876
280 2795 390 2878 p733.
428 2797 477 2858 est
500 2792 730 2877 bombycinus,
753 2793 993 2877 miscellaneae,
1016 2797 1171 2877 quattuor
1192 2793 1289 2877 primi
1313 2792 1542 2876 quaterniones
1564 2793 1717 2881 videntur
1739 2791 1801 2856 XV
1824 2793 1952 2857 saeculo
1971 2793 2028 2857 tri-

168 2900 295 2965 buendi.
332 2901 367 2964 in
390 2901 507 2986 quibus
530 2900 610 2985 ipsis
633 2899 797 2965 invenitur
815 2900 1030 2966 catechismus
1045 2899 1266 2984 Dionysianus
1280 2899 1588 2985 Theodosianusque
1611 2901 1658 2965 sic
1682 2900 1871 2983 inscriptus:
1894 2896 2031 2964 πάντων

169 2999 365 3090 dictem
388 3000 473 3091 ἀρχὴ
492 3004 548 3071 καὶ
561 3005 662 3083 τέλος.
699 3001 851 3090 μανονὴλ
864 3007 925 3072 τοῦ
939 3001 1174 3090 μοσχοπούλον
1192 3003 1408 3090 γραμματική.
1445 3029 1504 3073 nec
1518 3007 1602 3072 hanc
1616 3008 1864 3093 grammaticam
1878 3005 2027 3070 Moscho-

168 3111 259 3195 pulio
282 3111 414 3176 nomine
438 3113 569 3179 omnino
593 3111 784 3197 privandam
807 3133 935 3195 censeo,
965 3112 1020 3177 sed
1042 3112 1105 3178 hoc
1129 3113 1323 3196 addendum,
1347 3134 1386 3177 ex
1408 3135 1487 3179 vero
1511 3115 1700 3198 sinceroque
1718 3111 1923 3196 Moschopuli
1943 3114 2027 3176 cate·

124 3251 130 3260 ¹
169 3218 293 3283 chismo
320 3218 442 3283 factam
469 3219 561 3284 illam
588 3219 636 3285 ite
663 3241 746 3302 esse,
777 3224 814 3284 nt
840 3219 945 3284 multa
972 3219 1090 3302 recisa,
1123 3219 1187 3284 alia
1209 3219 1357 3303 traiecta,
1388 3220 1453 3284 aliu
1480 3221 1658 3304 depravata
1686 3221 1764 3303 sint,
1797 3218 1863 3282 alia
1891 3217 2029 3302 denique

170 3329 265 3389 aucta
295 3347 333 3390 ex
363 3325 510 3390 doctrina
533 3325 765 3410 Byzantiorum
793 3325 1023 3391 recentissima.
1060 3347 1124 3409 quo
1151 3327 1184 3391 in
1212 3347 1345 3390 numere
1373 3327 1464 3391 verbi
1491 3324 1587 3410 κοινὴ
1619 3323 1773 3402 διάθεσις
1800 3325 1949 3390 habenda
1973 3329 2031 3407 est,

170 3453 267 3516 quam
290 3432 420 3496 infimae
444 3431 561 3496 aetatis
584 3431 723 3497 technici
746 3432 854 3517 graeci
877 3431 1112 3497 mutuabantur
1135 3433 1175 3497 ab
1199 3431 1319 3497 latinis.

328 3536 443 3622 Itaque
472 3535 634 3623 (simodo
663 3538 742 3603 haec
766 3539 876 3602 omnia
898 3543 985 3604 recte
1008 3539 1173 3622 disputata
1195 3536 1286 3625 sunt)
1314 3560 1397 3623 quae
1424 3539 1508 3605 ratio
1536 3541 1714 3606 intercedat
1742 3541 1827 3605 inter
1854 3541 2031 3603 erotemata

171 3641 424 3729 Guelferbytana
446 3642 670 3728 Moschopulia
692 3643 826 3710 Niliana
849 3642 1084 3731 Tubingensia,
1106 3649 1350 3729 repraesentare
1372 3647 1449 3711 licet
1470 3646 1533 3712 hac
1555 3647 1674 3733 figura:

913 3821 959 3886 ΕΒ

952 3907 1286 4367 Ἃ

983 4374 1082 4440 Nilus
1194 4372 1274 4439 tub.

167 4563 277 4630 Debeo
302 4570 410 4632 autem
433 4566 647 4653 [lhbingensis
671 4569 858 4635 catechismi
880 4570 1044 4655 notitiam,
1067 4571 1152 4636 sicut
1175 4568 1435 4662 Guelferbytani,
1462 4569 1647 4654 Egenolffo,
1671 4570 1726 4655 qui
1749 4591 1789 4635 ne
1812 4569 1873 4635 has
1896 4570 2028 4654 quidem

167 4674 405 4740 recentissimas
432 4675 705 4760 interrogationes
733 4680 820 4742 totas
848 4676 1027 4742 describere
1055 4680 1225 4743 cunctatus
1254 4680 1312 4741 est
1355 4674 1441 4741 idem
1473 4675 1534 4741 hos
1563 4679 1718 4760 quattuor
1750 4675 1965 4743 catechismos
1994 4678 2029 4743 in

56 4782 58 4785 ’
168 4777 307 4843 libello
337 4781 576 4846 scholastico
600 4781 881 4847 Manhemiensi
909 4784 997 4848 enni
1023 4784 1121 4850 1880
1148 4786 1196 4849 ita
1224 4782 1421 4868 compositos
1449 4805 1522 4849 cum
1544 4782 1696 4867 Dionysii
1724 4785 1833 4850 verbis
1862 4784 1954 4849 edere
1983 4783 2028 4847 in-

169 4904 538 4917 *κὴ-ο...-

327 4971 353 5041 1’)
377 4973 590 5045 Moschopulias
619 4972 804 5030 correct-iones
836 4973 943 5028 habent
966 4973 1331 5031 Schellersheimensis
1355 4992 1464 5047 qaoque
1488 4975 1594 5032 codicis
1617 4978 1786 5046 creterram,
1808 4993 1879 5046 quae
1903 4975 2029 5031 Sturzius

168 5062 233 5129 post
250 5060 476 5130 Etymologicnm
496 5062 653 5118 Gudianum
670 5068 812 5118 669-682
831 5061 938 5133 publici
965 5062 1033 5118 iuris
1051 5064 1128 5119 fecit.
1161 5065 1202 5119 cir
1221 5071 1285 5134 679,
1306 5070 1410 5121 15-22
1429 5082 1492 5120 cum
1511 5064 1551 5120 eis
1574 5080 1646 5134 qnae
1665 5080 1749 5134 supra
1767 5065 1898 5136 exscripsi
1917 5081 1951 5118 ex
1969 5063 2028 5119 Μο-

168 5148 297 5218 schopuli
316 5149 351 5203 de
370 5151 514 5207 vocalibus
531 5152 697 5222 praeceptis.

1777 5242 1815 5299 b*
