5130 6240
1160 620 1355 666 ...v—

488 766 610 832 Verum
634 766 732 832 etism
757 765 813 831 ubi
836 765 877 830 ab
901 763 1055 829 Armenio
1075 758 1177 845 Syrus
1200 761 1376 845 discrepat,
1399 761 1594 846 gravissima
1617 762 1685 828 eius
1708 766 1759 828 est
1781 763 1973 847 auctoritas,
1995 763 2187 848 praesertim

328 894 400 937 oum
423 873 491 938 veri
516 873 716 939 simillimum
741 873 799 957 sit,
821 872 1012 936 Armenium
1035 889 1278 953 nonnumquam
1300 889 1367 934 non
1391 890 1429 933 ex
1448 869 1580 934 technes
1599 870 1700 953 ipsius
1720 869 1896 954 exemplari
1915 891 1974 934 suo
1995 892 2077 955 quse
2091 871 2188 935 inter·

326 983 473 1063 pretatur
509 980 677 1065 petivisse,
713 979 768 1043 sed
807 978 1000 1044 scholiastae
1032 997 1166 1062 graecos
1199 979 1344 1040 secutum
1382 974 1501 1062 esse.*)
1546 975 1686 1042 Multum
1719 976 1913 1043 dubitabant
1948 977 2187 1063 litigabantque

326 1086 465 1152 technici
497 1085 707 1151 Alexandrini
740 1107 778 1151 sc
804 1083 970 1169 Byzantii,
1001 1107 1077 1149 num
1111 1082 1291 1148 infinitivus
1324 1081 1498 1165 ἐγκλίσεως
1529 1084 1660 1150 nomine
1690 1083 1901 1170 appellandus
1933 1087 2019 1149 esset
2051 1086 2084 1148 et
2116 1083 2188 1166 quis

327 1194 418 1258 locus
441 1193 470 1258 ei
493 1192 593 1258 tribui
616 1191 748 1258 deberet
770 1193 805 1257 in
828 1175 997 1257 modorum
1021 1190 1114 1256 serie.
1154 1188 1316 1273 Dyscclus
1339 1189 1374 1254 in
1396 1190 1575 1257 rhematioo
1598 1192 1709 1276 posuit
1731 1192 1803 1256 loco
1826 1190 1981 1274 secundo,
2004 1191 2038 1255 in
2057 1191 2187 1275 syntaxi

326 1300 442 1384 primo.
486 1298 703 1382 Theodosius,
725 1319 886 1363 canonum
904 1301 1029 1380 auctor,
1052 1296 1218 1381 Apollonii
1236 1296 1450 1361 thematicum
1465 1298 1620 1382 sequitur.
1647 1298 1683 1362 in
1695 1295 1845 1382 Dionysii
1859 1296 2021 1362 codicibus
2036 1296 2188 1362 omnibus

328 1400 565 1490 άτιαρέμφατος
584 1425 701 1490 agmen
721 1403 856 1488 claudit,
879 1426 943 1490 quo
963 1425 1035 1469 oum
1054 1403 1165 1469 ordine
1180 1403 1355 1468 concinunt
1367 1402 1686 1488 scholia-Heliodori,
1704 1402 1875 1488 Stephani,
1893 1403 2187 1481 commentariolus,

328 1517 523 1596 erotemata3
547 1512 747 1596 eundemque
771 1515 909 1577 testetur
927 1509 1173 1577 Choeroboscus
1196 1510 1230 1574 in
1254 1509 1454 1594 explanando
1474 1509 1665 1576 Theodosio.
1698 1515 1733 1575 at
1755 1509 1840 1595 apud
1864 1508 2054 1574 Armenium
2074 1509 2120 1574 sic
2138 1509 2187 1575 in·

329 1618 459 1684 cedunt:
477 1619 671 1685 indicativus
691 1618 869 1684 infinitivus
884 1618 1096 1702 imperativus
1115 1617 1281 1701 optativus
1295 1617 1527 1683 coniunctivus.
1551 1639 1628 1682 num
1643 1617 1744 1703 igitur
1762 1616 1819 1681 illo
1838 1615 1909 1681 solo
1928 1614 2003 1680 freti
2021 1615 2070 1679 ita
2088 1616 2187 1680 etiam

328 1725 520 1810 Dionysium
543 1725 710 1791 ordinasse
733 1724 994 1813 arbitrabimurt
1017 1723 1239 1790 dubitaremus
1269 1727 1356 1790 certe
1383 1724 1460 1809 quid
1488 1723 1682 1789 censendum
1709 1727 1811 1806 esset,
1840 1723 1904 1788 nisi
1927 1723 2187 1807 patrocinaretur

327 1830 473 1896 codicum
496 1831 693 1896 ordinationi
712 1828 820 1914 Syrus.
848 1852 933 1896 nunc
955 1830 1143 1915 putabimus
1166 1830 1227 1896 hoc
1251 1851 1378 1915 qnoque
1401 1830 1475 1895 loco
1489 1829 1680 1896 Armenium
1704 1829 1826 1896 scholio
1849 1830 1952 1894 veteri
1970 1829 2012 1894 ab
2027 1828 2187 1913 Dionysio

327 1938 531 2004 dissentienti
555 1938 744 2003 obsecutum
769 1958 854 2021 esse,
877 1938 971 2023 quale
993 1938 1089 2004 nobis
1113 1937 1284 2022 descripsit
1306 1934 1485 2019 Hilgardus
1509 1957 1548 2000 ex
1557 1935 1726 2001 Marciano
1740 1935 1818 2001 489.
1839 1972 1876 1983 -
1898 1935 2051 2020 Dionymi
2074 1934 2187 2000 defini·

324 2045 407 2109 tioni
434 2044 514 2109 haec
542 2043 744 2108 subiciuntur
770 2066 792 2128 p
815 2044 896 2125 637,
921 2047 952 2108 l:
981 2035 1056 2110 οἷον
1077 2039 1292 2126 Ἀλέξανδρος
1319 2036 1567 2126 basiliique,
1594 2037 1657 2108 οὐκ
1684 2037 1955 2127 άναστρέφοντος
1980 2043 2042 2108 τοῦ
2066 2038 2186 2126 λόγου·

327 2144 368 2215 οὐ
392 2146 456 2234 γάρ
480 2155 514 2214 ελ
533 2173 582 2227 τις
603 2144 831 2233 Ἀλέξανδρος,
856 2138 955 2226 οὗτος
976 2148 1032 2231 :sal
1055 2146 1173 2232 Πάρις.
1216 2150 1301 2215 ratio
1325 2150 1453 2235 flagitat
1475 2155 1513 2215 ut
1534 2150 1695 2215 scribatur
1713 2145 1823 2233 Πάρις
1845 2143 1864 2214 ὁ
1887 2146 1943 2213 καὶ
1963 2144 2187 2233 Ἀλέξανδρος.

326 2261 423 2341 atque
438 2257 485 2322 sic
499 2258 646 2323 conlocat
660 2257 806 2342 exempla
820 2256 1006 2342 explanatio
1021 2253 1190 2341 Stephani:
1208 2252 1344 2334 Ξάνθος
1357 2254 1596 2342 Σκάμανδρος,
1613 2253 1726 2341 Πάρις
1736 2251 1965 2340 Ἀλέξανδρος,
1984 2260 2017 2320 st
2031 2255 2188 2322 scholium

326 2362 484 2429 ineditum
507 2363 665 2429 Marciani
688 2363 767 2429 489:
791 2359 901 2447 Πάρις
924 2358 943 2429 ὁ
966 2360 1022 2428 καὶ
1042 2359 1270 2446 Ἀλέξανδρος,
1294 2359 1432 2449 Πύρρος
1451 2358 1470 2431 ὁ
1488 2362 1545 2430 καὶ
1558 2360 1807 2448 Νεοπτόλεμος,
1829 2360 1965 2441 Ξάνθος
1987 2358 2080 2429 ὁκαὶ
2098 2359 2188 2427 Σκά-

327 2471 490 2555 μανδρος,
513 2475 547 2535 et
571 2469 731 2557 [Sergius]
756 2470 791 2535 in
812 2469 991 2535 Donatum:
1020 2471 1199 2554 drbnymon,
1224 2476 1260 2535 ιιλ
1280 2470 1376 2536 Paris
1394 2472 1586 2549 Alexander,
1604 2472 1700 2538 Elisa
1722 2470 1816 2537 Dido.
1853 2474 1889 2536 at
1911 2471 2070 2553 ordinem,
2093 2490 2189 2555 quem

327 2576 407 2640 artis
426 2576 552 2642 codices
567 2577 733 2659 exhibent,
752 2575 929 2641 defendunt
947 2577 1035 2641 aliud
1050 2577 1211 2659 scholion,
1234 2578 1532 2661 commentariolus,
1551 2582 1730 2644 erotemata
1743 2577 1980 2671 vetustissima,
2004 2598 2062 2641 nec
2080 2576 2187 2641 minus

326 2681 500 2747 Armenius
524 2704 563 2747 ea
584 2682 731 2766 uomina,
754 2704 837 2768 quae
859 2683 894 2747 in
913 2681 1110 2749 Graecorum
1129 2685 1235 2750 locum
1254 2683 1441 2768 substituit,
1464 2685 1637 2770 utrobique
1656 2685 1769 2751 ecdem
1788 2684 1899 2750 ordine
1917 2683 2050 2768 profert
2088 2680 2187 2767 Syrus

327 2808 416 2869 vero,
439 2789 467 2852 si
492 2788 666 2854 lectionem
684 2787 841 2873 plenioris
862 2793 895 2854 et
912 2789 1054 2855 melioris
1074 2790 1268 2876 exemplaris
1286 2791 1464 2875 sequimur,
1486 2797 1661 2877 postquam
1679 2791 1774 2857 dixit:
1799 2791 1877 2856 celat
1893 2792 2016 2873 Asorja
2033 2796 2062 2854 et
2083 2789 2188 2872 Ueste,

326 2894 436 2959 edicit:
468 2916 531 2960 non
562 2915 631 2960 oero
659 2895 714 2978 qui
747 2894 843 2962 Ussia
869 2896 999 2979 dicim,
1025 2896 1149 2978 Asarja
1175 2902 1227 2962 est.
1246 2933 1285 2944 —
1306 2896 1465 2982 Exempla
1493 2899 1706 2964 conconcordia:
1736 2895 1933 2982 συνδέσμων
1960 2898 1995 2962 in
2023 2896 2187 2962 codicibus

326 3001 458 3066 scholiis
482 3002 669 3068 erotematis
693 3006 769 3067 sunt
797 3007 942 3086 stetisse
967 2999 1039 3086 sitq
1064 2999 1199 3086 είὸήιιερ
1228 3002 1358 3088 (pete,
1380 3002 1428 3092 1),
1451 3006 1625 3091 eademque
1649 3006 1827 3090 exprimere
1845 3009 1982 3070 conatur
2004 3005 2188 3070 Armenius.

326 3107 383 3172 sed
404 3109 527 3174 frustra
549 3109 654 3175 adhuc
678 3110 822 3194 quaesivi
845 3132 945 3175 unum
969 3110 1106 3175 alicuius
1130 3110 1297 3194 scriptoris
1320 3111 1440 3194 locum,
1467 3111 1523 3176 ubi
1546 3110 1625 3175 illud
1653 3106 1789 3193 είὸήιιερ
1818 3114 2013 3194 occurreret,
2041 3109 2127 3195 quod
2149 3133 2187 3175 ex

325 3214 457 3279 technes
481 3215 719 3300 exemplaribus
738 3237 838 3300 usque
853 3216 887 3280 in
901 3216 1124 3282 institutiones
1138 3213 1357 3283 Melanthonis
1372 3218 1589 3302 permanavit,
1612 3217 1851 3300 coiciebamque
1864 3216 1975 3281 fictam
1990 3238 2061 3282 esse
2074 3237 2187 3283 vocem

327 3321 369 3386 eb
399 3317 632 3407 interpolatore
659 3322 699 3386 ad
727 3321 972 3387 similitudinem
1001 3323 1139 3407 exempli
1167 3324 1275 3408 quarti
1302 3325 1421 3409 speciei
1449 3323 1689 3410 subsequentis:
1721 3321 2008 3408 ταρασυναιιτικοὶ
2037 3323 2077 3390 δέ
2101 3325 2188 3390 εἰσιν

326 3422 401 3495 ὅσοι
429 3424 506 3513 μεθ’
531 3423 704 3513 ὑπάρξεως
725 3426 781 3494 καὶ
804 3425 900 3508 τάξιν
918 3430 1090 3512 δηλοῦσιν.
1131 3426 1195 3494 εἰσὶ
1219 3427 1257 3495 db
1279 3420 1364 3496 cide·
1388 3431 1461 3496 ἐπεί
1480 3429 1611 3514 ἐπείπερ
1630 3426 1744 3513 ἐπειδή
1767 3429 1950 3514 ἐπειδήπερ.
1987 3431 2053 3496 ism
2076 3431 2188 3497 suffra·

327 3539 423 3621 gatur
451 3537 653 3602 coniecturae
676 3558 768 3602 meae
787 3535 897 3620 Syrus.
934 3558 1074 3621 namque
1097 3541 1130 3601 et
1151 3542 1185 3602 sl
1204 3542 1295 3620 ελιιερ
1318 3533 1391 3620 sitsi
1415 3541 1449 3602 et
1472 3536 1546 3603 ἐπεί
1565 3536 1696 3622 ἐπείπερ
1720 3534 1833 3620 ἐπειδή
1858 3533 2034 3620 ἐπειδήπερ
2058 3558 2188 3602 accura-

325 3641 451 3708 tissime
483 3642 616 3709 reddere
647 3642 757 3708 studet
784 3643 917 3709 vocibus
946 3642 1057 3708 eodem
1084 3643 1180 3727 plane
1207 3643 1303 3714 modo
1332 3643 1537 3728 compositis,
1570 3643 1656 3729 quod
1687 3665 1765 3709 vero
1797 3640 1933 3727 ελδήιιερ
1968 3644 2187 3710 coniunctioni

325 3749 530 3832 respondeat,
553 3749 640 3835 apud
662 3749 754 3815 illum
777 3770 844 3814 non
866 3751 1033 3833 reperitur.

483 3855 598 3941 Itaque
622 3877 694 3921 cum
717 3855 857 3921 multum
879 3857 961 3922 lucis
983 3854 1132 3922 versiorie
1155 3857 1281 3942 syriaca
1303 3857 1423 3922 adferri
1442 3856 1618 3923 enchiridio
1633 3856 1834 3941 Dionysiano
1857 3861 2042 3941 appareret,
2065 3858 2187 3923 crimen

325 3961 471 4027 criticum
494 3984 545 4028 me
565 3962 811 4029 commissurum
826 3983 896 4027 esse
915 3963 1006 4048 duxi,
1027 3964 1091 4029 nisi
1107 3963 1344 4050 huncquoque,
1367 3963 1452 4029 siout
1466 3963 1698 4045 armeniacam,
1719 3963 1786 4028 iam
1799 3981 1884 4026 nnnc
1899 3961 1941 4026 ad
1955 3963 2187 4029 restituendam

324 4068 464 4133 technen
487 4068 682 4134 adhiberem.
719 4067 806 4152 quod
828 4068 946 4133 fecium
964 4070 1000 4134 in
1022 4071 1208 4136 recensione
1226 4071 1339 4135 altera.
1371 4070 1490 4135 etenim
1515 4069 1577 4134 scis
1591 4068 1766 4134 editionem
1781 4088 1887 4132 msam
1901 4067 2089 4152 bipertitam
2108 4091 2187 4153 esse,

325 4173 512 4240 antecedere
540 4197 610 4240 eam
638 4175 718 4241 artis
746 4176 900 4257 formam,
927 4198 1025 4261 quam
1052 4177 1274 4243 vetustissima
1301 4176 1497 4262 exemplaria
1523 4176 1693 4261 praebent,
1720 4176 1811 4259 sequi
1839 4197 1924 4259 eam,
1952 4197 2036 4261 qnae
2057 4175 2187 4242 videtur

482 4437 508 4508 ')
532 4438 601 4493 duas
624 4436 825 4507 originationes
847 4438 941 4495 Tirax
959 4441 1107 4511 proposuit
1125 4436 1273 4514 suppetas
1297 4437 1432 4505 nominis,
1460 4455 1577 4507 quarum
1600 4439 1691 4495 altera
1713 4441 1823 4493 tantum
1847 4437 1990 4494 codicibus
2013 4438 2118 4494 tradita
2141 4440 2186 4494 est

323 4522 425 4593 (oldest
444 4522 591 4600 ὅαβδφλλα
609 4546 651 4590 τις
669 4519 762 4596 οὖτα),
780 4527 899 4584 alteram
913 4525 1002 4600 (παρὰ
1018 4525 1048 4584 τὸ
1063 4525 1190 4599 (λάπτειν)
1209 4526 1402 4599 cognoscimus
1422 4544 1456 4582 ex
1474 4528 1588 4584 scholiis
1601 4525 1752 4594 nonnullis,
1772 4525 1934 4581 erotematis
1949 4526 2185 4597 Guelferbytanis,

326 4613 414 4669 latino
427 4614 600 4687 srtigrapho,
611 4615 755 4682 Armenio:
768 4615 815 4671 hic
829 4633 896 4672 vero
909 4617 1109 4688 interpretatus
1123 4621 1231 4674 estnon
1239 4633 1354 4686 eaquae
1367 4617 1453 4673 attuli
1462 4617 1555 4685 verba
1570 4616 1620 4674 sed
1629 4613 1706 4686 sapei
1716 4612 1749 4671 sd
1759 4611 1931 4685 συρράπτειν
1942 4613 2006 4686 ἔτη,
2019 4617 2185 4687 quibuscum

324 4705 494 4760 conveniunt
511 4719 583 4775 quse
597 4704 827 4760 Wachsmuthius
846 4722 879 4760 ex
897 4705 970 4761 libro
983 4705 1142 4762 Burbonico
1160 4706 1291 4777 protulit:
1310 4700 1328 4776 ἢ
1346 4703 1480 4780 ineptis
1499 4708 1608 4777 εἴρηται
1626 4701 1684 4761 άπὸ
1703 4705 1754 4760 τοῦ
1773 4701 1974 4775 τοιοόράφθαι
1989 4701 2021 4761 ἔτ
2036 4701 2184 4775 διαφόρω

322 4790 426 4859 λέξεων
445 4793 494 4848 sat
511 4791 661 4864 νοημάτων
679 4790 714 4849 τά
734 4793 803 4864 ἔπη,
828 4797 858 4849 et
876 4810 948 4863 quae
966 4794 1118 4866 Hilgsrdus
1137 4811 1170 4850 ex
1194 4794 1309 4850 scholiis
1327 4794 1462 4850 Marciani
1480 4801 1533 4851 489
1552 4795 1712 4866 exscripsit:
1735 4790 1753 4864 ἣ
1776 4791 1855 4864 παρά
1878 4791 1910 4848 τὸ
1929 4789 2060 4864 deintus,
2084 4789 2184 4862 lucedii

322 4878 357 4937 τά
378 4880 432 4952 ἔτη
451 4879 649 4952 cessemus.
669 4915 704 4925 -
724 4882 777 4939 Sex
796 4887 908 4939 tuntum
927 4884 1118 4956 diphthongos
1132 4884 1280 4953 Dionysius
1303 4886 1449 4939 enumerat
1467 4889 1561 4954 peel,
1577 4891 1623 4938 11:
1642 4903 1673 4937 αι
1691 4902 1728 4937 ao
1747 4902 1773 4938 ει
1792 4902 1825 4938 se
1844 4902 1871 4937 οι
1889 4903 1937 4951 ους
1956 4883 2005 4939 sed
2023 4880 2181 4937 Armenius:

322 4973 465 5028 naturales
483 4973 658 5044 diptllsonps',
677 4973 781 5042 inquit,
799 4978 865 5029 sest
882 4974 1014 5043 quinque:
1032 4991 1071 5029 aa
1089 4991 1123 5030 ess
1140 4990 1177 5030 os
1193 4975 1225 5028 αι’
1241 4974 1282 5042 os’,
1299 4978 1483 5043 τιριιριιοιιιιι
1500 4978 1568 5028 tres:
1586 4977 1622 5028 ῐιι
1640 4969 1676 5027 ἔτι
1692 4973 1738 5040 iu,
1757 4988 1829 5042 qnae
1847 4972 1871 5027 si
1890 4973 2095 5043 comparaveris
2119 4987 2184 5026 cnm

323 5058 364 5114 eis
388 5076 460 5132 quae
484 5061 598 5116 scholiis
622 5062 657 5116 de
681 5061 921 5133 diphthongorum
942 5079 1059 5117 numero
1082 5066 1112 5118 et
1134 5061 1280 5133 speciebus
1303 5065 1479 5133 exponuntur
1502 5061 1579 5130 (vide
1602 5060 1644 5116 ed.
1663 5077 1743 5118 meae
1761 5079 1781 5132 p
1801 5064 1858 5130 11),
1881 5061 1993 5130 credes,
2015 5061 2127 5131 opinor,
2149 5077 2184 5117 ex

323 5147 539 5204 scholiastsrum
558 5149 686 5205 doctrina
705 5150 843 5221 originem
863 5151 964 5206 ducere
982 5150 1108 5205 Armenii
1126 5154 1157 5207 et
1173 5150 1384 5209 distinctionem
1402 5153 1433 5206 et
1450 5150 1697 5207 nomenclaturam.
