5130 6240
1141 617 1351 663 ...Vl-

311 758 457 845 profecta
485 780 556 824 esse
584 759 625 823 ab
649 763 790 826 auctare.
829 760 880 824 cui
909 759 1018 841 alteri,
1048 780 1130 843 quae
1157 759 1284 842 prelum
1310 757 1454 824 nondum
1481 758 1594 841 subiit,
1621 758 1721 824 etiam
1747 759 1900 825 lectiones
1928 758 2003 845 Syri
2033 761 2170 826 subscri-

309 871 425 952 pturus
449 890 530 932 sum.
1163 890 1166 897 ¹

470 973 575 1039 Huius
600 978 709 1038 autem
733 973 959 1059 appendicis
983 973 1154 1040 consilium
1172 975 1210 1036 ut
1224 970 1367 1035 breviter
1381 971 1573 1056 significem,
1596 970 1676 1037 duas
1698 993 1750 1036 res
1774 971 1901 1037 efficere
1914 973 2011 1057 volni,
2028 974 2169 1058 primum

310 1085 347 1146 ut
373 1080 479 1167 quivis
505 1080 601 1147 facile
632 1081 702 1165 ipse
735 1101 929 1167 cognoscere
956 1083 1079 1164 posset,
1111 1100 1169 1163 per
1195 1100 1277 1163 quos
1305 1078 1494 1143 mutationis
1521 1078 1641 1164 gradus
1668 1082 1841 1164 praecepta
1870 1077 2017 1164 Dionysii
2046 1081 2086 1144 ad
2114 1103 2169 1145 eos

311 1188 548 1272 pervenissent,
575 1187 630 1271 qui
653 1186 714 1251 XV
737 1190 771 1252 et
792 1186 871 1251 XVI
899 1207 981 1251 saec
1018 1185 1052 1249 in
1079 1184 1244 1250 occidente
1273 1185 1442 1250 scientiam
1469 1184 1600 1269 linguae
1627 1206 1762 1269 graecae
1789 1185 2027 1269 instauravere,
2055 1176 2169 1252 deinde

312 1293 462 1359 omnibus
484 1296 522 1358 ut
543 1296 737 1377 patesceret,
759 1298 916 1378 quantum
935 1291 1101 1358 doctrinae
1115 1289 1335 1377 Dionysianae
1353 1292 1453 1356 etiam
1471 1290 1582 1356 latinis
1600 1292 1635 1355 in
1653 1292 1850 1378 artigraphis
1868 1293 1989 1359 inesset
2008 1295 2169 1378 atquibus

312 1400 492 1465 intervallis
515 1399 556 1465 ab
579 1420 696 1485 graeco
718 1398 963 1485 technographo
992 1397 1151 1463 distarent
1172 1397 1303 1485 singuli.
1339 1397 1411 1462 Iam
1433 1398 1473 1463 ad
1497 1398 1640 1482 tabulas,
1668 1399 1784 1483 quibus
1811 1400 1891 1466 haec
1918 1401 2083 1468 declarare
2106 1409 2170 1468 stu-

312 1507 442 1590 dabam,
465 1505 685 1571 inlustrandae
708 1527 811 1591 pauca
832 1505 1072 1589 praemittenda
1094 1508 1179 1570 sunt.

472 1611 664 1677 Manuelis
683 1611 930 1697 Moschopuli
949 1608 1113 1676 Cretensis
1132 1615 1313 1678 erotemata
1331 1611 1546 1698 grammatica
1563 1612 1732 1677 continent
1748 1611 1899 1698 Dionysii
1912 1612 2047 1679 Thracis
2066 1620 2169 1681 artem

311 1721 346 1785 in
369 1718 558 1784 catechismi
581 1718 720 1783 formam
744 1718 906 1784 redactam
929 1717 1104 1802 multisque
1127 1719 1207 1784 locis
1230 1719 1438 1802 explanatam
1462 1718 1685 1805 suppletamve
1708 1723 1742 1783 et
1760 1719 1934 1785 Theodosii
1952 1742 2092 1787 canones
2111 1744 2168 1788 no·

245 1890 248 1895 .
312 1826 450 1891 minales
472 1826 683 1910 verbalesque
707 1826 808 1890 simili
830 1826 956 1890 ratione
979 1825 1211 1910 conformatos,
1235 1826 1353 1910 quibus
1377 1824 1580 1889 subiciuntur
1601 1826 1699 1890 tertio
1717 1825 1788 1890 loeo
1806 1825 1960 1892 flexiones
1979 1848 2090 1893 aarum
2109 1851 2167 1893 no-

310 1934 444 2016 minum,
467 1932 506 1997 de
528 1933 646 2018 quibus
666 1933 769 1997 altera
787 1931 956 1996 enchiridii
972 1936 1066 2016 parte
1080 1931 1281 2016 disputatum
1304 1936 1363 2016 est,
1386 1936 1419 1997 et
1440 1928 1551 1996 τάττω
1575 1932 1665 1997 verbi
1688 1931 1812 1997 formas
1836 1933 1904 1998 sine
1926 1933 1995 1998 ulla
2017 1935 2169 2019 explana-

311 2041 399 2106 tione
434 2040 642 2123 compasitae.
686 2039 740 2105 hic
771 2038 856 2103 liber
881 2039 1023 2123 primum
1053 2036 1157 2103 editus
1186 2041 1237 2102 est
1263 2039 1333 2103 aine
1361 2037 1424 2104 loci
1456 2039 1572 2103 anniae
1600 2039 1769 2104 notatione
1796 2039 1843 2105 sic
1871 2040 2057 2124 inscriptus:
2101 2043 2170 2108 Τοῦ

311 2145 510 2231 σοφωτάτου
531 2144 587 2209 καὶ
609 2141 814 2229 λογιωτάτου
836 2145 944 2228 κνροῦ
966 2139 1119 2229 μανονὴλ
1142 2146 1203 2209 τοῦ
1224 2144 1459 2228 μοσχοτούλου
1478 2143 1741 2229 διορθωθέντων
1759 2142 1991 2230 ἐρωτημάτων,
2013 2170 2169 2213 unacum

310 2255 469 2321 Demetrii
488 2251 729 2337 Chalcondylae
752 2249 938 2338 ἐρωτήμασι
961 2262 1174 2327 σανοττικοῑς
1195 2252 1264 2317 τῶν
1287 2247 1372 2318 tnta
1395 2252 1457 2317 τοῦ
1479 2246 1583 2334 λόγον
1600 2253 1711 2335 μεροῖν
1730 2256 1764 2317 at
1782 2251 1932 2338 Gregorii
1951 2251 2112 2319 Corinthii
2131 2257 2170 2322 de

310 2361 459 2427 dialectis
488 2358 599 2424 libello
622 2355 712 2444 (περὶ
735 2359 917 2424 διαλέκτων
939 2360 1008 2424 τῶν
1031 2353 1120 2440 παρὰ
1144 2361 1311 2441 κορίνθου
1333 2357 1654 2444 τιαρεκβληθεισῶν).
1695 2358 1818 2423 factum
1840 2358 1874 2423 id
1896 2380 1968 2424 esse
1992 2360 2033 2425 ab
2058 2360 2170 2427 Chal·

310 2466 476 2550 condyls
497 2465 569 2550 ipso
588 2463 766 2529 Mediolani
790 2464 874 2530 circa
898 2487 1017 2530 annum
1039 2463 1124 2529 1493
1142 2463 1216 2527 inde
1235 2464 1412 2551 conligunt,
1435 2464 1521 2550 qnod
1540 2463 1669 2530 eaedem
1687 2464 1740 2530 bic
1759 2466 1968 2531 inveniuntur
1986 2467 2170 2533 litterarum

311 2573 447 2655 formae,
469 2592 548 2655 quas
571 2570 627 2635 ille
650 2569 691 2634 ad
714 2569 854 2635 edendas
876 2571 1042 2636 orationes
1064 2568 1246 2636 Isocrateas
1269 2570 1420 2637 adhibuit
1442 2570 1479 2635 ἐν
1501 2566 1690 2660 μεὸιολάνηι
1710 2620 1824 2637 .....
1844 2572 1908 2636 ἔτει
1931 2567 1997 2638 dud
2020 2576 2079 2658 της
2100 2599 2171 2660 χρι-

311 2680 394 2745 στοῦ
426 2676 612 2762 γεννήσεως
642 2678 797 2767 χιλιοστῷ
829 2679 1089 2767 τετρακοσιοστῷ
1122 2676 1328 2767 ἐνενηκοστῷ
1359 2680 1458 2766 τρίτῳ
1491 2672 1596 2761 μηνὸς
1628 2678 1827 2763 ίανοναρίου
1860 2680 1991 2766 εἰκοστῇ
2024 2677 2169 2767 τετάρτη.

311 2784 436 2852 Deinde
459 2806 498 2848 ex
521 2780 653 2849 officina
670 2782 818 2848 Aldina
839 2783 961 2868 prodiit
983 2782 1198 2849 catechismus
1216 2782 1422 2869 Moschopnli
1445 2806 1529 2850 anno
1556 2783 1649 2850 1525.
1690 2785 1810 2850 etenim
1833 2807 1906 2851 cum
1929 2787 2065 2873 incipiat
2087 2789 2170 2853 liber

311 2892 352 2957 ab
377 2891 576 2975 expositione
599 2888 673 2975 περὶ
696 2891 908 2978 τροσφδιάν,
930 2912 1012 2975 quae
1034 2890 1122 2955 lacta
1144 2895 1195 2956 est
1218 2912 1257 2955 er
1280 2891 1506 2975 supplemento
1526 2890 1590 2954 arti
1607 2888 1826 2974 Dionysianae
1845 2893 2023 2977 antiquitus
2043 2894 2169 2960 adiecto

309 2997 426 3084 (Behlr.
446 2997 565 3062 Anecd
583 2996 615 3061 Π
635 2997 699 3061 674
709 2995 791 3082 seq),
814 2997 955 3062 dubitari
977 2996 1103 3081 nequit,
1126 2996 1212 3081 quod
1233 2998 1298 3061 iam
1317 2995 1515 3061 Ritschelins
1534 2994 1678 3061 Thomas
1702 2997 1753 3061 sni
1770 3020 1792 3081 p
1812 2995 1889 3062 LIII
1907 2999 2090 3082 auspicatus
2110 3007 2170 3084 est,

311 3106 389 3189 qnin
405 3105 556 3169 Eiusdem
577 3104 614 3168 de
635 3103 805 3168 mancam
825 3103 918 3187 liber,
940 3103 995 3187 qui
1018 3102 1052 3166 in
1075 3102 1173 3167 titulo
1197 3101 1253 3189 (ab
1271 3102 1465 3168 Renouardo
1480 3101 1657 3168 Annalium
1671 3102 1864 3168 Aldinorum
1882 3126 1904 3188 p
1926 3104 1990 3170 175
2012 3105 2169 3191 repetito)

296 3228 298 3232 ·
310 3215 386 3295 post
409 3210 625 3275 Emmanuelis
651 3209 838 3291 moachopati
860 3211 896 3274 de
924 3209 1120 3274 oostmatiane
1141 3210 1303 3274 nominum
1329 3211 1360 3274 at*
1381 3209 1539 3274 verborum
1560 3209 1760 3293 nominatur,
1787 3208 1870 3273 nihil
1893 3209 1980 3274 aliud
2005 3212 2048 3276 sit
2071 3235 2169 3297 quam

310 3316 518 3401 Moschopuli
545 3316 824 3400 interrogamenta
850 3316 1072 3401 grammatica.
1113 3315 1288 3381 editionem
1315 3315 1436 3400 ipsam,
1463 3335 1545 3400 quae
1572 3315 1741 3379 rarissima
1766 3319 1831 3400 est,
1858 3316 1939 3381 mihi
1967 3317 2074 3384 ridere
2104 3340 2169 3384 non

310 3424 416 3508 magis
440 3422 581 3507 contigit
603 3443 700 3506 quam
721 3421 910 3487 Bitschelio.
948 3426 1044 3506 atque
1067 3423 1165 3487 etiam
1188 3423 1258 3487 eius
1281 3444 1378 3507 quam
1401 3421 1572 3507 Philippus
1594 3420 1710 3487 Iunta
1732 3444 1819 3487 anno
1846 3424 1931 3489 1526
1954 3424 2061 3489 emisit
2082 3427 2166 3490 noti-

310 3530 399 3613 tiam,
424 3530 508 3593 sicut
529 3528 593 3612 ille,
616 3551 636 3592 a
659 3528 896 3613 bibliographis
919 3531 1048 3593 tantum
1071 3533 1208 3594 nanctus
1232 3550 1313 3613 sum,
1336 3530 1390 3614 qui
1408 3527 1542 3594 tradunt
1559 3528 1725 3593 Iuntinam
1744 3529 1786 3593 ab
1806 3529 1927 3595 Aldina
1943 3552 2010 3596 non
2027 3531 2165 3615 differre,

310 3629 373 3701 hisi
403 3635 488 3720 quod
516 3635 632 3700 ceteris
655 3635 786 3719 scriptis
810 3635 908 3700 etiam
931 3634 1185 3719 Hephaestionis
1209 3635 1248 3700 de
1271 3636 1383 3701 metris
1406 3635 1534 3700 libellus
1558 3635 1730 3700 adiunctus
1754 3634 1806 3700 sit
1848 3632 1910 3700 Sed
1933 3642 2060 3721 praeter
2080 3639 2168 3722 prin-

311 3744 415 3828 cipem
429 3725 582 3826 usurpavi
597 3742 757 3825 ultimam,
772 3764 854 3827 quae
871 3743 944 3827 ipsa
957 3764 1084 3827 quoque
1098 3743 1133 3806 in
1147 3742 1259 3827 paucis
1273 3741 1494 3825 bybliothecis
1508 3741 1683 3806 invenitur:
1708 3740 1941 3807 Grammaticos
1953 3745 2033 3808 artis
2042 3765 2171 3828 graecae

309 3851 467 3917 methodus
488 3850 636 3914 Manuale
657 3849 849 3933 νιοεάιοραιο
870 3848 1004 3914 authore.
1046 3850 1195 3915 Eiusdem
1217 3849 1296 3913 amis
1320 3842 1472 3913 Tbobdori
1495 3847 1601 3913 Gazae
1623 3848 1674 3913 hb.
1696 3847 1747 3915 II.
1778 3847 1933 3913 Baeticae
1963 3850 2019 3915 Ea
2041 3852 2170 3935 officina

310 3958 400 4023 Ioan.
426 3956 560 4022 Vaalder
580 3955 726 4022 MDXL.
763 3957 801 4022 In
823 3957 1025 4042 praefatione
1049 3960 1162 4022 auctor
1185 3955 1226 4020 ab
1251 3953 1430 4020 Waldero
1454 3953 1656 4019 collaudatur
1680 3953 1733 4018 his
1760 3954 1868 4019 verbis
1892 3953 2171 4024 Melanthonis:

311 4063 544 4129 Grammaticus
570 4065 722 4146 ommium,
749 4066 786 4128 ni
810 4065 920 4147 fallor,
947 4066 1002 4146 ηαι
1023 4065 1177 4146 asperiore
1197 4061 1297 4128 secedo
1320 4062 1426 4127 literas
1447 4063 1680 4144 immorante,
1707 4061 1787 4126 idem
1810 4061 1897 4145 ῑοαρι
1918 4062 2170 4146 commissam

265 4232 269 4237 .
312 4176 342 4235 et
362 4172 562 4250 doctissimas,
585 4168 671 4253 quod
694 4169 840 4255 Philippi
862 4170 1017 4235 iudicium
1040 4170 1161 4254 legitur
1182 4169 1218 4233 iu
1240 4168 1472 4255 grammaticae
1495 4188 1629 4252 graecae
1651 4167 1923 4253 institutionibus,
1946 4169 2003 4235 nbi
2026 4169 2064 4234 de
2087 4165 2170 4253 πρός

310 4276 551 4361 praepositione
579 4275 722 4340 disserit:
749 4277 921 4342 mascam
947 4277 1053 4340 iuncta
1080 4281 1146 4340 tam
1172 4277 1294 4340 ᾱεηιιιντ
1315 4275 1463 4357 propriae
1488 4274 1724 4356 sipnifioutrbmb
1750 4278 1807 4352 est,
1833 4279 1871 4339 at
1897 4275 2029 4340 Mamas
2049 4274 2168 4340 Mosco

305 4383 402 4466 palm
426 4381 501 4462 [sic]
521 4384 744 4464 grammaticam
759 4432 854 4447 .....
867 4383 1059 4446 dammam
1081 4383 1189 4464 inquit.
1228 4374 1283 4445 ὅτε
1306 4375 1344 4444 δὲ
1366 4372 1387 4462 ἡ
1411 4374 1495 4463 πρός
1516 4373 1556 4443 τά
1581 4376 1701 4462 ἑαυτῆς
1723 4382 1878 4464 σημαίνει
1900 4378 1956 4445 καὶ
1980 4376 2021 4445 οὐ
2043 4376 2169 4464 λαμβά-

311 4529 402 4571 νεται
430 4499 506 4569 άντὶ
524 4503 660 4607 Ιὲτέρας,
688 4501 757 4590 μετ’
788 4506 969 4588 αἰτιατικῆς
996 4501 1219 4583 ξυντάσσεται.
1264 4504 1303 4569 In
1329 4525 1351 4587 p
1383 4506 1398 4568 l
1431 4503 1651 4588 praemittitur
1682 4504 1737 4570 hic
1764 4505 1882 4570 titulus
1909 4479 2044 4571 ἈΡΧΗ
2068 4481 2169 4571 ΣῩΝ

312 4598 420 4678 Ofili)
443 4607 576 4679 ἉΓΙω
604 4614 672 4679 τῶν
697 4607 917 4697 ἐρωτημάτων
939 4609 1201 4696 βραχυνθέντων
1223 4604 1312 4696 παρὰ
1336 4609 1398 4674 τοῦ
1415 4605 1582 4694 Μανονὴλ
1601 4607 1837 4696 Μοσχοιτόλον.
1870 4608 2081 4695 Superiorem
2104 4612 2170 4677 edi·

311 4719 437 4785 tionum
460 4721 658 4786 mentionem
681 4719 760 4785 lacit
783 4719 904 4784 nullam
928 4717 1116 4803 Walderus3
1144 4719 1243 4783 imma
1266 4718 1313 4782 ita
1335 4717 1481 4802 loquitur
1502 4719 1597 4802 quasi
1619 4719 1744 4803 primus
1765 4717 1853 4783 hunc
1875 4717 2042 4784 doctrinae
2065 4740 2169 4806 gram·

311 4825 448 4890 maticae
466 4825 590 4891 fontem
608 4827 805 4913 vulgaverit:
820 4825 1114 4910 praemorsam
1132 4826 1205 4907 [scil
1219 4826 1326 4908 pueris
1343 4824 1499 4889 maenae
1510 4825 1680 4908 studiosisJ,
1697 4824 1851 4910 ηνοάη..
1865 4824 1931 4890 cites
1942 4824 2026 4892 vocis
2039 4827 2170 4892 doctoris

310 4933 399 5014 copia
425 4937 454 4997 et
473 4938 610 5016 potestas
634 4932 721 5013 sacta
742 4934 796 5010 sit,
823 4933 911 4997 mim
937 4932 1034 4997 solim
1054 4933 1226 5014 praeceptis
1241 4951 1303 5014 pro
1326 4935 1410 4996 tanto
1431 4931 1586 5014 deaydas'o
1600 4937 1705 4998 ,cesto
1725 4935 1803 4996 recte
1824 4930 1924 4995 inibat
1945 4931 2170 5014 informique

306 5039 451 5120 possm:
482 5045 572 5122 amm
598 5038 699 5104 ratlac
720 5040 823 5121 ι’γενοι
849 5060 870 5104 a
896 5039 984 5104 mobis
1005 5040 1040 5103 ia
1061 5058 1114 5104 vos
1131 5040 1288 5121 proticisci
1306 5038 1505 5122 paadoamm
1551 5059 1648 5123 reque
1669 5058 1747 5102 vera
1768 5035 1959 5102 Walderum
1982 5037 2082 5102 Italas
2106 5037 2170 5101 edi·

310 5145 418 5213 tiones
437 5147 605 5233 ignorasse
624 5145 697 5210 inde
716 5145 832 5211 confici
845 5145 980 5223 videtin,
999 5144 1085 5231 quod
1104 5145 1270 5212 nonnullis
1288 5144 1369 5211 locis
1388 5144 1483 5230 plane
1498 5142 1638 5209 absurda
1656 5141 1797 5228 exhibet,
1814 5143 1872 5208 ubi
1886 5165 1966 5210 sana
1978 5143 2172 5229 praebuerat
