5130 6240
1035 628 1084 685 DE
1102 628 1281 685 Nouluvu
1300 628 1497 685 sesclasvs
2162 630 2204 696 31

1106 791 1168 858 111
1194 790 1419 876 Σνγκριτικόν

397 916 590 987 Dionysius
604 918 668 983 035,
687 914 825 970 5-11Β.
845 918 890 981 27,
905 917 1036 982 3-28,2
1056 914 1087 970 V.
1123 909 1312 985 Συγκριτικὸν
1330 912 1363 969 de'
1384 910 1441 969 ἐστι
1460 909 1491 968 ai
1511 909 1563 983 τὴν
1576 908 1721 984 σύγκρισιν
1737 913 1801 986 ἔχον
1817 910 1881 978 ἒνὸς
1894 912 1965 986 πρὸς
1980 915 2030 972 ἕνα
2045 913 2206 988 ὁμοιογενῆ,

326 991 365 1060 aie
376 990 541 1066 Ἀγιίίεύς
555 991 799 1065 ἀνδρειότερος
813 996 971 1061 Αἴαντος,
984 988 1003 1064 ἢ
1017 990 1083 1059 ἕνὸς
1095 992 1166 1065 πρὸς
1179 991 1298 1058 πολλούς
1312 990 1493 1064 ἑτερογενεῖς,
1507 989 1545 1057 cic
1556 989 1721 1064 Ἀχιίίιύς
1733 991 1979 1064 ἀνδρειότερος
1992 997 2058 1051 τῶν
2075 993 2206 1067 Τροίαν.

327 1077 384 1132 τῶν
402 1075 434 1132 di
455 1077 640 1146 συγκριτικῶν
663 1071 746 1131 τύποι
769 1070 824 1129 sisi
845 1076 934 1144 τρεῖς,
957 1069 973 1129 ὁ
993 1073 1034 1139 είς
1052 1078 1144 1145 Kios,
1167 1074 1228 1131 οίον
1247 1069 1409 1143 ὀξύτερος
1427 1070 1651 1148 βραδύτερος,
1669 1073 1718 1129 καὶ
1737 1069 1752 1129 ὁ
1773 1072 1813 1137 είς
1827 1074 1870 1124 E?
1889 1071 2033 1145 καθαρόν,
2052 1074 2114 1132 οίον
2133 1079 2206 1149 βεί-

325 1159 405 1212 τίαν
423 1157 585 1226 καλλίων,
603 1155 652 1211 nul
670 1151 685 1211 ὁ
706 1153 747 1219 είς
764 1154 809 1209 δῖ
824 1153 876 1226 [sic
893 1156 991 1224 optimi
1008 1161 1097 1223 saca,
1115 1157 1259 1212 ύιίιιίονιε
1276 1155 1360 1226 effi,
1379 1151 1441 1210 οἷον
1460 1156 1625 1223 κρείσσων
1642 1148 1764 1225 ἥσσων.
2215 1163 2229 1204 o

395 1237 571 1293 Diomedes
589 1237 612 1291 I
629 1239 828 1303 324,14-15.
866 1233 1054 1306 Comparativa
1075 1238 1140 1291 sunt
1162 1252 1226 1291 cum
1249 1235 1371 1304 aliquem
1394 1234 1440 1289 vel
1463 1233 1556 1290 abeno
1579 1234 1624 1290 vel
1643 1251 1694 1290 suo
1712 1233 1808 1305 generi
1827 1250 2024 1306 conputamus,
2047 1240 2081 1293 ut
2097 1237 2206 1294 fortior.

326 1320 389 1384 325,
409 1321 524 1374 10-15.
561 1319 622 1371 tum
639 1317 693 1372 boc
711 1315 825 1383 utimur,
843 1331 906 1370 cum
925 1314 1048 1384 aliquem
1066 1316 1111 1371 vel
1130 1314 1223 1370 alieno
1241 1315 1287 1370 vel
1305 1331 1355 1369 suo
1374 1314 1470 1384 generi
1488 1330 1686 1385 conputamus,
1704 1317 1737 1369 nt
1753 1313 1881 1370 Hector
1898 1315 2025 1373 fortior
2043 1316 2207 1374 Diomede

325 1397 371 1452 vel
390 1397 554 1453 audacior
572 1396 732 1451 Patroclo
750 1394 906 1450 Achilles
923 1394 992 1450 fuit:
1011 1399 1042 1451 et
1059 1413 1145 1451 unum
1163 1412 1226 1452 cum
1245 1394 1341 1451 multis
1360 1394 1468 1464 alienis,
1486 1397 1519 1449 nt
1536 1393 1700 1450 fortiores
1718 1393 1840 1450 Graeci
1854 1397 2021 1452 Troianis.
2049 1396 2099 1452 sed
2117 1398 2206 1469 mado

326 1476 507 1547 conparativo
530 1477 559 1531 in
582 1494 637 1532 uno
661 1479 690 1531 et
713 1476 802 1531 altero
824 1491 912 1545 prope
934 1477 1098 1545 aequalibus
1121 1491 1153 1530 ac
1177 1475 1314 1531 similibus
1340 1477 1446 1529 utimur
1463 1477 1540 1542 (uam
1558 1473 1737 1530 dissimilium
1755 1476 1916 1545 conparatio
1935 1476 2013 1532 nulla
2032 1479 2099 1546 est),
2121 1481 2155 1532 ut
2172 1477 2206 1534 hi

327 1556 392 1611 duo
410 1555 477 1611 viri
496 1556 618 1624 fortes,
637 1555 771 1612 sedhic
790 1556 901 1612 altero
920 1555 1052 1613 tortior⁴
2217 1572 2243 1611 ιο
2346 1620 2349 1626 ,

398 1636 578 1692 Charisius
596 1637 618 1691 Ι
636 1640 698 1705 157,
716 1639 814 1690 8-13.
852 1635 964 1690 Utimur
982 1639 1076 1692 antem
1095 1635 1184 1707 gradu
1203 1635 1457 1706 comparativorum
1475 1635 1505 1690 in
1522 1652 1578 1690 uuo
1593 1638 1623 1690 et
1636 1636 1726 1691 altero
1739 1653 1827 1707 prope
1841 1636 2007 1706 aequalibus
2020 1653 2054 1693 ac
2068 1637 2206 1692 similibus

325 1717 401 1786 (nam
420 1716 597 1772 dissimilium
616 1715 789 1786 comparatio
807 1715 886 1770 nulla
904 1717 969 1784 est),
994 1719 1028 1771 ut
1043 1716 1079 1770 hi
1098 1716 1161 1771 duo
1180 1715 1246 1771 viri
1267 1716 1388 1785 fortes,
1412 1716 1470 1772 sed
1488 1715 1544 1772 hic
1562 1717 1674 1772 altero
1692 1716 1827 1771 fortior.
1864 1715 1933 1772 item
1952 1717 2158 1787 comparativus
2177 1720 2207 1773 et

325 1797 369 1851 bis
388 1797 436 1867 qui
456 1796 499 1852 sui
517 1796 627 1868 generis
645 1798 711 1852 sunt
728 1798 758 1850 et
775 1795 819 1850 his
838 1796 887 1865 qui
906 1795 1021 1851 alterius
1041 1801 1106 1852 sunt
1125 1799 1311 1868 comparatur,
1329 1800 1361 1851 ut
1378 1812 1484 1866 equus
1498 1795 1652 1852 velocior
1666 1812 1751 1866 equo
1766 1795 1877 1864 dicitur,
1896 1795 1944 1866 qui
1958 1796 2083 1853 eiusdem
2095 1798 2207 1868 generis

324 1879 375 1946 est,
393 1877 461 1932 item
479 1876 634 1933 velocior
652 1891 748 1944 cane,
767 1875 816 1944 qui
833 1875 949 1930 alterius
968 1876 1078 1946 generis
1096 1879 1146 1932 est.
2034 1942 2041 1959 ι

394 1958 475 2012 Eae.
493 1957 574 2013 Boe.
594 1958 615 2011 I
633 1960 695 2025 537,
715 1958 788 2011 3-7
805 1981 838 2002 =
858 1956 1009 2012 CTmrisias.
2217 1971 2242 2012 ns

394 2037 578 2093 Dosithcus
600 2035 666 2091 VII
678 2039 742 2103 400,
760 2040 895 2105 10-401,
912 2042 928 2091 1
944 2062 979 2084 =
993 2037 1146 2093 Charisius.
1165 2054 1272 2108 graece:
1290 2032 1426 2108 polipedes
1444 2035 1477 2093 di
1495 2037 1535 2110 τῷ
1554 2037 1657 2111 βαθμῷ
1675 2037 1935 2106 nuncupapationis
1954 2032 2036 2092 irini
2055 2039 2103 2093 καί
2120 2035 2206 2112 ἑτέρῳ

324 2113 427 2187 aledis
452 2118 522 2180 ίσοις
544 2116 593 2171 καί
614 2112 722 2186 ὁμοίοις
746 2118 814 2187 (τῶν
832 2114 886 2186 γὰρ
904 2113 1047 2188 ἀνομοίων
1065 2114 1207 2187 σύγκρισις
1226 2113 1346 2188 ούὸεμία
1366 2113 1465 2188 ἐστίν),
1485 2113 1521 2182 ὥς
1538 2115 1570 2173 τὸ
1591 2110 1687 2173 ούτοι
1706 2114 1740 2172 σί
1756 2113 1819 2171 δύο
1838 2113 1963 2185 ἄνδρες
1981 2115 2126 2188 ίσγυροί,
2149 2115 2206 2174 α’ί·

324 2192 351 2251 h'
373 2189 475 2260 ούτος
493 2198 548 2251 τού
568 2191 689 2264 ἱτίρσο
708 2191 937 2268 ίσγυρύτερος.
975 2192 1078 2268 ὁμοίας
1095 2194 1111 2252 ὁ
1131 2194 1308 2267 συγκριτικὸς
1326 2194 1438 2267 βαθμὸς
1460 2197 1509 2252 καί
1531 2195 1641 2260 τούτοις
1668 2203 1727 2261 τοῖς
1748 2198 1799 2252 τοῦ
1823 2191 1911 2252 αύτοῦ
1935 2195 2037 2266 γένους
2059 2189 2139 2253 σύσιν
2157 2199 2207 2254 καί

323 2274 435 2341 τούτοις
452 2283 512 2340 τοῖς
530 2270 628 2344 ἐτέρου
649 2268 729 2331 ούσιν
748 2278 939 2346 συγκρίνεται,
958 2272 996 2340 cic
1013 2274 1046 2333 τὸ
1065 2278 1168 2341 innoc
1185 2273 1324 2332 θύσσον
1343 2278 1447 2333 innoc
1465 2276 1576 2346 liparas
1595 2277 1644 2332 τοῦ
1664 2271 1819 2347 ὁμογενοῦς
1837 2272 1927 2345 ὄντος,
1945 2272 2049 2348 ὁμοίως
2066 2274 2207 2334 θάσσων

323 2353 427 2422 κυνὸς
444 2357 495 2413 τού
514 2351 702 2427 ἓτερογενούς.
2215 2379 2243 2420 20

394 2439 553 2493 Donatus
572 2436 624 2491 IV
641 2439 702 2502 375,
722 2440 801 2492 5-7.
839 2436 895 2492 Sed
922 2439 988 2494 tunc
1015 2438 1070 2493 hoc
1095 2437 1156 2508 [scil
1178 2436 1268 2508 gradu
1291 2437 1497 2509 comparativo]
1523 2437 1640 2504 utimur,
1668 2454 1731 2491 cum
1754 2435 1878 2505 aliquem
1901 2437 1948 2492 vel
1970 2437 2063 2493 alieno
2086 2439 2132 2495 vel
2155 2455 2206 2496 suo

323 2517 418 2588 generi
441 2532 638 2589 conperimus,
660 2517 693 2571 ut
710 2515 839 2572 Hector
856 2516 983 2572 fortior
1001 2517 1164 2574 Diomede
1182 2517 1229 2574 vel
1247 2518 1413 2574 audacior
1432 2517 1590 2572 Troianis
1608 2515 1672 2571 fuit.
1709 2515 1828 2572 dicimus
1847 2519 1941 2573 autem
1960 2520 1990 2572 et
2006 2516 2133 2575 fortior
2150 2519 2205 2575 hic

323 2614 421 2667 quam
440 2598 502 2654 ille
522 2599 573 2653 est
591 2597 723 2669 [dicimus
742 2629 776 2638 -
795 2599 839 2652 est
856 2613 899 2653 om
917 2597 1086 2669 Parisinus].

393 2677 567 2751 [Sergius]
585 2679 617 2732 in
635 2676 708 2732 Don.
730 2677 782 2732 IV
797 2681 860 2744 539,
879 2680 996 2734 32-33.
1035 2677 1085 2733 Est
1107 2680 1202 2733 autem
1225 2676 1422 2748 comparativus
1441 2693 1519 2746 vere,
1541 2674 1566 2730 si
1584 2673 1712 2732 dicamus
1730 2677 1784 2746 sic,
1806 2680 1875 2733 tam
1893 2679 2015 2734 doctus
2034 2677 2089 2735 bic
2108 2697 2205 2748 quam

322 2757 397 2814 illc:
416 2775 482 2814 nam
501 2756 636 2813 doctior
654 2756 826 2827 praelativue
845 2762 895 2813 est
2215 2778 2242 2819 ss

395 2838 598 2895 Consentius
617 2835 644 2890 V
656 2840 723 2903 342,
741 2840 858 2893 19-23.
888 2837 964 2894 Scire
979 2838 1112 2895 debemus
1127 2838 1337 2910 comparativum
1352 2836 1472 2908 gradum
1486 2834 1612 2892 ablativo
1627 2837 1704 2892 casm
1719 2836 1864 2906 utriusque
1879 2839 1988 2895 numeri
2002 2839 2081 2910 iungi
2095 2839 2205 2906 debere,

324 2919 453 2989 quotiens
472 2917 596 2986 aliquem
615 2917 661 2971 vel
679 2916 772 2971 alieno
790 2918 835 2973 vel
854 2934 905 2973 suo
923 2918 1020 2988 generi
1039 2937 1231 2990 conparamus.
1269 2917 1389 2973 dicimus
1414 2916 1489 2972 euim
1507 2915 1636 2973 Hector
1656 2917 1783 2973 fortior
1801 2917 1962 2973 Diomede
1983 2919 2029 2975 vel
2048 2919 2206 2974 Troianis

322 2998 486 3054 audacior
503 2996 577 3052 tuit
614 2998 740 3051 attamen
758 2997 954 3067 comparativus
972 2998 1019 3053 hic
1037 3000 1141 3069 gradm
1160 3001 1247 3056 etiarn
1265 2997 1438 3054 nominativo
1456 2995 1594 3066 iungitur,
1614 3001 1646 3051 ut
1664 2997 1801 3052 doctior
1818 2997 1874 3052 hic
1893 3015 1991 3069 quam
2010 2997 2080 3054 ille.

395 3079 599 3133 Priscianus
618 3077 660 3131 11
676 3080 722 3143 83,
740 3082 769 3133 2.
807 3077 1034 3148 comparativum
1053 3082 1096 3135 est
1115 3080 1190 3149 qnod
1209 3096 1271 3133 cum
1289 3076 1405 3149 positivi
1423 3077 1570 3133 intellectu
1588 3079 1634 3133 vel
1654 3094 1717 3132 cum
1732 3077 1827 3147 aliquo
1840 3077 1980 3148 participe
1995 3094 2078 3132 sensu
2091 3077 2205 3148 positivi

325 3158 439 3229 ‘magis’
461 3156 624 3213 adverbium
642 3157 789 3229 signifieat.
809 3188 843 3199 -
862 3161 908 3224 85,
925 3163 1043 3226 16-86,
1060 3162 1089 3214 2.
1126 3159 1172 3214 Fit
1195 3157 1368 3227 comparatio
1392 3156 1437 3210 vel
1461 3156 1496 3211 sd
1516 3175 1602 3211 unum
1620 3156 1666 3212 vel
1686 3157 1722 3213 ad
1740 3157 1834 3229 plures
1853 3160 1912 3213 tam
1931 3159 1984 3213 sui.
1993 3158 2102 3228 generis
2120 3174 2241 3228 quamso

323 3238 421 3306 alieni,
444 3235 572 3308 quamvis
590 3236 690 3292 Graeci
714 3236 828 3292 honoris
850 3252 936 3293 causa
958 3254 1025 3293 suae
1049 3239 1141 3309 gentis
1164 3255 1249 3308 quam
1271 3237 1379 3291 ratione
1402 3235 1528 3291 veritatis
1547 3236 1657 3304 dicunt,
1681 3253 1736 3292 nou
1755 3254 1837 3308 posse
1856 3239 1893 3294 ad
1911 3238 2016 3294 multos
2035 3238 2078 3294 sui
2095 3239 2205 3309 generis

322 3319 381 3374 lieri
405 3315 649 3388 comparationem.
687 3315 739 3372 alii
761 3321 857 3373 autem
880 3317 990 3387 dicunt,
1012 3320 1084 3375 hauc
1109 3336 1168 3375 esse
1186 3318 1337 3384 rationem,
1360 3317 1578 3387 propterquam
1596 3332 1652 3371 non
1670 3319 1788 3372 utuntur
1805 3317 1858 3372 tali
1876 3318 2099 3390 comparatione,
2121 3319 2206 3390 quod,

322 3416 385 3454 cum
404 3398 441 3454 ed
458 3396 552 3467 plures
571 3396 614 3451 sui
631 3396 742 3466 generis
761 3397 793 3452 tlt
812 3399 993 3469 comparatio,
1011 3399 1183 3470 superlativo
1200 3415 1347 3470 possumus
1366 3397 1422 3466 uti,
1441 3400 1474 3451 nt
1491 3396 1705 3453 fortissimus
1725 3397 1929 3455 Graecorum
1949 3398 2116 3459 Achilles.

1121 3543 1172 3611 IV
1191 3538 1426 3623 ’Ῥιιερθετικόν

392 3665 583 3737 Dionysius
601 3668 664 3732 635,
682 3669 789 3720 11-15
806 3665 843 3719 Β.
861 3668 910 3732 28,
928 3669 999 3722 3-5
1021 3666 1052 3723 V.
1095 3661 1289 3737 Τπερθετικὸν
1311 3663 1345 3721 de'
1369 3661 1427 3720 ἐστι
1450 3660 1481 3718 τὸ
1505 3659 1571 3718 κατ’
1596 3660 1725 3719 ἐπίτασιν
1749 3659 1814 3728 ἕνὸς
1834 3661 1904 3733 αρὸς
1921 3663 2041 3729 πολλούς
2059 3669 2203 3736 παραλαμ-

323 3739 482 3818 βανόμενον
502 3742 533 3801 ἐν
547 3747 698 3815 συγκρίσει.
734 3741 863 3800 sinesii
879 3741 969 3801 αύτού
985 3744 1114 3815 siradio,
1133 3743 1148 3804 ὁ
1165 3746 1206 3812 είς
1219 3746 1311 3816 auide,
1325 3743 1386 3801 σίον
1400 3741 1566 3810 ὀξύτατος
1579 3741 1809 3813 βραδύτατος,
1827 3746 1875 3800 καὶ
1889 3740 1904 3800 ὁ
1921 3743 1962 3809 είς
1978 3748 2029 3810 fo}
2043 3745 2095 3817 [sic
2108 3747 2240 3814 optimiat

323 3825 400 3880 codd.
420 3830 445 3880 st
462 3826 574 3894 scholia,
592 3828 655 3888 aa}
672 3828 817 3882 ιίιίιιίοισε
834 3827 910 3882 codd.
930 3834 955 3883 et
972 3829 1144 3900 autenm,
1163 3825 1224 3884 οἷον
1243 3822 1381 3895 ἄριστος
1399 3822 1563 3895 μέγιστος.

393 3906 568 3963 Diomedes
586 3909 608 3962 I
625 3911 824 3974 324,15-16.
862 3906 1041 3977 Superlstiva
1064 3911 1130 3965 sunt
1148 3927 1211 3964 cnm
1229 3908 1353 3976 aliquem
1371 3922 1555 3975 conparamus
1574 3905 1610 3960 ad
1630 3922 1737 3972 omnes,
1761 3908 1793 3960 ut
1810 3905 2025 3962 fortissimus
2048 3904 2203 3961 omnium.

322 4013 357 4025 -
376 3988 577 4051 325,15-21.
614 3987 793 4059 superlativo
816 3988 879 4060 [soil
901 3989 1032 4060 utimur],
1055 4007 1119 4044 cum
1142 4006 1228 4043 unum
1251 3985 1419 4044 antecellere
1442 3984 1570 4056 pluribus
1591 3983 1794 4053 significamus,
1817 3986 1861 4052 ut,
1884 3984 1983 4040 sitres
2001 3983 2129 4055 pluresve
2148 3984 2205 4039 sint

320 4063 389 4134 viri,
413 4081 477 4119 eum
499 4082 584 4135 quem
606 4067 804 4140 superferimns
827 4067 1010 4125 fortissimum
1033 4072 1189 4126 ceterorum
1211 4068 1343 4133 dicimus,
1367 4069 1397 4121 et
1419 4081 1530 4136 semper
1553 4063 1684 4134 genetivo
1703 4063 1807 4133 plurali
1826 4064 2001 4135 adiungitur,
2024 4068 2058 4120 ut
2074 4066 2204 4135 optime

322 4143 559 4214 Graiugenum.
588 4149 716 4206 sedtum
735 4150 790 4204 hoc
807 4148 926 4217 utimur,
945 4165 1008 4203 cum
1027 4149 1151 4219 aliquem
1169 4164 1219 4202 sno
1235 4147 1332 4218 generi
1346 4161 1543 4216 comparamus,
1563 4146 1595 4199 ut
1608 4143 1736 4199 Hector
1754 4143 1967 4205 fortissimus
1981 4145 2241 4202 Troianorumso

321 4224 388 4292 fuit,
417 4224 576 4282 Achilles
599 4228 814 4285 Graecorum.
856 4228 1021 4299 plerumque
1050 4228 1238 4298 superlativus
1264 4245 1315 4298 pro
1343 4226 1467 4297 positivo
1493 4224 1607 4295 ponitur
1635 4228 1664 4279 et
1691 4224 1761 4278 nulli
1785 4229 1965 4296 conparatur,
1993 4229 2025 4282 ut
2048 4227 2204 4297 luppiter

322 4305 472 4378 optimus
491 4305 664 4363 maximus.

394 4386 573 4442 Charisius
591 4388 614 4442 I
629 4394 694 4456 157,
713 4391 828 4445 13-19.
865 4387 1059 4460 superlativus
1082 4405 1149 4445 vero
1171 4389 1275 4459 gradm
1299 4385 1426 4443 omnibus
1449 4383 1493 4440 his
1515 4386 1626 4439 tautum
1649 4384 1699 4453 qui
1723 4385 1766 4439 sui
1789 4384 1899 4455 generis
1923 4389 1988 4441 sunt
2011 4385 2203 4457 praeponitur;

322 4482 386 4520 uam
404 4466 647 4522 velocissimus
671 4485 777 4541 equus
796 4485 852 4524 non
870 4468 973 4524 dicitur
990 4469 1045 4525 nisi
1063 4470 1142 4540 equis
1161 4473 1337 4540 conparatus.
1374 4467 1471 4535 itaque
1490 4464 1678 4535 superlativus
1697 4465 1801 4534 gradus
1819 4468 1869 4520 aut
1887 4467 2017 4522 omnibus
2036 4467 2079 4521 sui
2093 4466 2203 4537 generis

322 4546 510 4616 praeponitur,
528 4549 561 4602 ut
579 4566 596 4604 o
615 4547 765 4604 Danaum
784 4540 1109 4621 fortissime'gentis
1127 4549 1269 4621 Tydide,
1288 4553 1338 4605 ant
1355 4546 1448 4602 nullis.
2211 4559 2239 4600 ss

393 4625 472 4682 Eae.
490 4627 569 4683 Boh.
591 4629 612 4683 I
629 4633 693 4698 537,
712 4634 798 4685 7-11
818 4654 852 4676 =
871 4628 992 4696 Charis,
1010 4631 1068 4685 nisi
1085 4629 1157 4698 qnod
1175 4627 1246 4683 Bac.
1265 4630 1347 4684 initio
1365 4629 1494 4683 omittunt
1512 4624 1615 4695 gredm
1634 4623 1768 4682 omnibus.

393 4706 576 4764 Dosithcus
600 4709 667 4765 VII
683 4713 889 4777 401,1-4-
909 4710 1031 4776 Charis,
1053 4711 1110 4765 nisi
1132 4710 1204 4779 quod
1227 4709 1294 4765 Dos.
1318 4711 1401 4765 initio
1423 4723 1480 4763 nou
1502 4705 1607 4760 cohibet
1630 4704 1733 4775 gradus
1758 4706 1899 4772 omnibu&
1927 4707 2025 4762 deinde
2042 4712 2106 4776 imi
2130 4723 2203 4762 0⁰³1·

322 4790 437 4856 paratus
461 4789 540 4845 addit
563 4790 613 4860 sit,
637 4791 752 4860 denique
772 4804 826 4859 pro
848 4789 956 4858 Tydide
974 4791 1088 4860 praehet
1110 4789 1241 4859 Tydides.
1282 4807 1390 4860 praece:
1417 4782 1433 4843 ὁ
1462 4781 1652 4854 ύνιερθετικὸς
1680 4782 1712 4839 δὲ
1737 4783 1844 4841 τούτων
1867 4784 1955 4856 μόνον
1978 4788 2035 4842 τῶν
2058 4788 2204 4858 ὁμογενῶν

322 4862 412 4921 ὄντων
430 4865 623 4935 προτασσεται.
651 4865 843 4941 ταγύτατος
861 4865 915 4938 γὰρ
934 4869 1036 4932 innoc
1054 4863 1088 4925 ού
1106 4867 1216 4938 λέγεται
1236 4865 1288 4925 ἐὰν
1306 4865 1344 4940 μὴ
1364 4871 1459 4930 ἴπνοις
1473 4867 1662 4935 συγκρίνηται.
1691 4867 1842 4934 τοιγαροῦν
1856 4863 1871 4923 ὁ
1886 4863 2076 4935 ύιιερθετικὸς
2091 4863 2204 4940 βαθμὸς

322 4938 339 5014 ἢ
358 4941 473 5000 πάντων
491 4948 548 5002 τῶν
565 4945 711 5020 ὁμογενῶν
729 4946 915 5019 ιτροτύσσεται
933 4941 951 5016 ἢ
971 4942 1097 5012 ούδενύς.
2211 4958 2239 4998 ⁵⁰

393 5026 550 5082 Donatus
568 5029 620 5082 IV
636 5034 700 5096 375,
718 5034 815 5086 7-11.
854 5027 1047 5099 superlativus
1065 5030 1160 5084 autem
1178 5029 1309 5100 genetivo
1327 5032 1437 5084 tautum
1457 5029 1559 5099 plurali
1577 5031 1753 5102 adiungitur;
1773 5030 1822 5084 sed
1841 5033 1908 5085 tunc
1927 5029 1981 5084 hoc
2000 5028 2105 5084 utimur
2123 5068 2201 5085 .....

321 5130 355 5152 ==
375 5106 519 5162 Diosncdes
536 5151 543 5163 .
559 5150 565 5160 .
581 5151 587 5164 .
605 5154 611 5166 .
630 5111 802 5166 maximus.
1091 5120 1097 5129 “
1972 5144 1979 5159 ·

391 5188 569 5261 [Sergius]
587 5190 618 5244 in
635 5191 709 5247 Don.
730 5191 782 5245 IV
798 5194 861 5259 539,
879 5194 926 5247 23.
955 5189 1140 5260 superlativus
1160 5191 1221 5261 [sesi
1239 5190 1370 5263 gradus],
1388 5192 1421 5245 ut
1438 5190 1616 5246 iustissimus.
