5130 6240
1193 651 1231 661 -
1279 633 1343 679 VIII
1390 650 1428 659 -

380 799 466 844 nunc
485 777 748 863 antiquiorem
766 774 925 840 habemns
943 774 1105 839 formam
1124 773 1352 840 catechismi
1367 772 1599 858 Dionysiani
1618 778 1656 839 et
1673 773 1954 859 Theodosiani,
1972 774 2056 840 unde
2069 778 2162 859 patet
2179 797 2242 859 qua

380 887 508 951 ratione
535 906 612 948 usus
641 884 685 947 sit
713 885 882 947 corrector.
919 881 1104 946 continetur
1131 880 1190 944 illa
1216 879 1474 963 Guelferbytano
1501 878 1650 946 Gudiauo
1676 883 1739 946 112
1768 879 1898 969 (Eberti
1920 882 2014 946 catal
2041 904 2062 966 p
2088 880 2159 967 81),
2187 884 2241 967 qui

380 991 646 1057 membranaceus
669 994 732 1071 est,
756 987 884 1052 saeculo
904 986 985 1051 XIII
1008 987 1147 1071 scriptus
1171 992 1264 1052 etex
1288 991 1380 1070 parte
1397 986 1588 1071 rescriptas,
1611 987 1652 1051 ab
1671 988 1764 1053 initio
1783 989 1927 1053 mutilus.
1958 1011 2034 1055 nam
2057 990 2104 1054 sic
2126 990 2242 1074 incipit

385 1097 469 1183 quod
493 1118 579 1161 nunc
601 1095 715 1160 folium
738 1095 880 1179 primum
903 1099 966 1159 est:
989 1094 1037 1170 εἰς
1058 1118 1078 1177 χ
1093 1142 1212 1158 ......
1235 1092 1282 1173 [id
1301 1097 1351 1157 est
1368 1088 1525 1178 χρόνους]
1550 1095 1597 1170 εἰς
1618 1090 1791 1178 πνεύματα
1813 1095 1861 1172 εἰς
1883 1091 1994 1178 πάδη,
2017 1095 2133 1180 quibus
2156 1095 2242 1160 haud

381 1204 478 1270 dubie
502 1201 736 1268 antecedebant
759 1200 904 1265 definitio
927 1198 1099 1284 prosodiae
1122 1204 1155 1264 et
1174 1199 1372 1264 enumeratio
1392 1199 1594 1284 singularum
1615 1200 1853 1285 prosodias-um,
1876 1201 2014 1287 denique
2031 1202 2110 1267 haec
2128 1202 2242 1268 verba:

380 1312 427 1389 ελς
454 1307 542 1376 πόσα
570 1309 779 1392 διαιροῦνται
808 1307 846 1371 αι’
871 1304 951 1373 δέκα
977 1306 1179 1395 προσφδίαις
1208 1306 1255 1382 εἰς
1280 1305 1437 1391 τέσσαρα·
1466 1307 1513 1384 εἰς
1535 1303 1664 1384 τόνους.
1705 1308 1800 1373 huius
1828 1308 1947 1376 codicis
1975 1309 2088 1393 primis
2111 1309 2240 1394 paginis
2348 1372 2351 1377 ,
2415 1366 2419 1373 .

382 1439 464 1503 quae
493 1416 701 1481 continentur
730 1414 910 1498 evulgavit,
937 1412 1208 1497 exsequentibus
1235 1413 1393 1478 nonnulla
1416 1414 1577 1498 excerpsit
1599 1413 1844 1480 Bitschelius
1871 1416 1905 1480 in
1928 1412 2084 1487 Thomna,
2100 1414 2240 1480 editione

379 1547 401 1609 p
431 1518 818 1606 CXXV-CXXXIII.*)
867 1524 974 1585 totum
1003 1519 1148 1585 codicem
1174 1519 1346 1604 descripsit
1372 1542 1499 1585 summa
1525 1520 1696 1606 diligentia
1721 1520 1968 1606 Egenolifus.
2017 1520 2242 1606 Moschopulia

384 1633 495 1696 autem
522 1631 702 1693 erotemata
729 1629 762 1693 in
790 1627 853 1694 hoc
880 1626 1028 1692 Gudiano
1059 1646 1186 1711 quoque
1214 1625 1281 1711 legi
1308 1627 1433 1692 censuit
1461 1631 1574 1692 auctor
1600 1627 1721 1692 votens
1745 1626 2072 1711 Guelferbytanorum
2100 1629 2241 1714 catalogi

381 1734 452 1822 (qui
480 1736 566 1801 idem
592 1737 732 1800 fortasse
760 1736 795 1799 in
823 1735 943 1819 pagina
971 1735 1076 1818 prima
1104 1733 1277 1818 adscripsit
1305 1732 1521 1799 Grammticc
1546 1731 1749 1820 Μοεωραλι),
1781 1733 1916 1819 negavit
1941 1730 2100 1818 libertus,
2129 1756 2240 1800 rursus

381 1844 550 1909 contendit
571 1842 770 1908 Bitschelius
789 1842 810 1907 l
829 1840 948 1925 1.le
975 1840 1072 1924 idque
1098 1845 1167 1904 tam
1195 1838 1393 1905 confidenter
1415 1846 1452 1905 ut
1473 1862 1543 1905 rem
1565 1838 1757 1904 indubium
1779 1839 1889 1905 vocari
1910 1840 2002 1905 nullo
2025 1840 2122 1906 modo
2144 1862 2241 1926 posse

381 1950 511 2016 diceret.
546 1972 660 2015 verum
682 1949 743 2015 hac
767 1948 896 2033 quidem
919 1949 953 2011 in
976 1969 1012 2012 re
1033 1947 1137 2012 falsus
1160 1952 1211 2013 est
1232 1949 1423 2031 praeceptor
1443 1950 1568 2030 noster3
1591 1946 1677 2031 quod
1699 1949 1737 2010 ut
1759 1944 1835 2011 'libi
1857 1947 2003 2031 probem,
2028 1948 2136 2032 accipe
2158 1971 2241 2034 quae

380 2059 466 2123 ratio
486 2056 665 2122 intercedat
681 2056 768 2120 inter
786 2053 1063 2138 Guelferbytanae
1081 2052 1353 2138 interrogationes
1367 2050 1443 2139 (Et)
1463 2057 1496 2118 et
1514 2074 1579 2136 eas,
1597 2075 1678 2137 quas
1697 2054 1732 2117 in
1745 2051 1949 2139 Moschopnli
1968 2053 2107 2140 legimus
2126 2055 2240 2121 editio

379 2164 475 2229 nibus
498 2163 645 2247 principe
668 2165 702 2227 et
723 2160 946 2243 Walderiana,
970 2159 1134 2225 codicibus
1157 2157 1400 2224 Basileensibus
1422 2157 1439 2222 I
1463 2161 1497 2223 et
1517 2158 1552 2224 Π
1573 2156 1658 2245 (Ill).

541 2270 643 2336 Deest
661 2270 696 2333 in
714 2268 760 2333 ΕΒ
776 2268 835 2333 illa
854 2266 1013 2351 appendix
1033 2287 1115 2350 quae
1132 2265 1287 2330 flexiones
1306 2267 1472 2331 nominum
1492 2270 1525 2330 et
1542 2265 1665 2331 formas
1682 2262 1792 2331 τύπτω
1811 2266 1902 2332 verbi
1920 2268 1989 2332 sine
2007 2268 2076 2332 ulla
2094 2269 2242 2352 explana·

379 2377 470 2442 tione
496 2377 693 2459 compositas
716 2374 857 2459 praebet.
903 2376 1017 2438 contra
1039 2371 1155 2437 desunt
1177 2371 1211 2436 in
1234 2368 1278 2436 lll
1301 2371 1382 2437 haec
1404 2371 1537 2436 technas
1560 2372 1682 2456 capita:
1710 2373 1731 2438 2
1753 2369 1828 2457 περὶ
1851 2368 2088 2458 ἀναγνώσεως,
2117 2376 2137 2440 3
2166 2373 2241 2458 περὶ

380 2480 497 2564 τόνου,
520 2482 542 2547 5
564 2480 639 2566 περὶ
662 2481 851 2569 ῥαψῳδίας,
874 2501 1013 2565 quornm
1036 2479 1175 2544 alterum
1199 2479 1269 2543 sine
1292 2479 1359 2545 ullo
1383 2478 1578 2543 detrimento
1602 2478 1712 2544 omitti
1734 2484 1875 2563 poterat,
1898 2501 1970 2545 cum
1995 2480 2033 2544 de
2057 2482 2241 2546 accentibus

381 2610 482 2673 aeque
506 2609 543 2652 ac
566 2588 605 2653 de
628 2587 826 2672 syllabarum
849 2586 1042 2671 quantitate,
1063 2584 1102 2649 de
1125 2585 1304 2669 spiritibus,
1326 2584 1365 2651 de
1387 2606 1503 2650 vocum
1526 2585 1752 2652 coniunctione
1775 2590 1809 2651 et
1831 2586 2037 2672 separatione
2060 2589 2241 2672 expositum

380 2699 468 2760 esset
496 2695 553 2760 illo
577 2694 803 2779 supplemento
826 2689 902 2770 περὶ
923 2691 1140 2781 προσφδιῶν,
1169 2692 1254 2776 quod
1277 2692 1342 2756 arti
1364 2691 1545 2776 antiquitus
1568 2693 1783 2776 praemissum
1805 2693 1913 2778 ipsum
1940 2715 2067 2779 quoque
2094 2694 2129 2757 in
2157 2699 2241 2758 cate-

379 2801 542 2866 chismum
570 2798 808 2884 Dionysianum
835 2803 1000 2884 receptum
1028 2804 1087 2863 est.
1131 2797 1170 2862 ln
1200 2799 1338 2883 singulis
1364 2803 1474 2864 autem
1502 2798 1662 2883 capitibus
1690 2800 1850 2866 sexcentis
1877 2800 1959 2866 locis
1985 2797 2030 2866 lll
2054 2801 2095 2866 ab
2122 2799 2168 2865 Ec
2194 2802 2242 2866 ita

380 2907 576 2992 discrepant,
598 2911 636 2972 ut
658 2906 840 2991 corrigendi
863 2904 1005 2971 studium
1029 2888 1192 2990 prodatur.
1232 2904 1411 2990 Dionysius
1435 2905 1510 2988 631,
1529 2907 1562 2970 7:
1586 2901 1787 2991 προτακτικὰ
1810 2902 1988 2991 φωνήεντα
2011 2905 2120 2973 πέντε·
2141 2917 2197 2974 αἱ
2222 2915 2243 2972 ν·

380 3022 453 3080 δῶ.
480 3009 679 3097 προτακτικά
703 3010 741 3079 δὲ
763 3013 902 3096 λέγεται,
925 3007 976 3077 ὄτι
999 3007 1253 3096 προτασσόμενα
1275 3012 1337 3078 τοῦ
1362 3010 1451 3075 ῑκαλ
1470 3019 1492 3076 ῦ
1511 3007 1684 3095 συλλαβὴν
1707 3003 2088 3096 όποτελε1,οἷοναὶα“υ.
2114 3014 2172 3080 Ess:
2196 3018 2243 3094 εἰς

380 3118 469 3186 πόσα
492 3121 702 3205 διαιροῦνται
725 3115 766 3184 τὰ
789 3115 869 3185 ἑπτὰ
893 3115 1085 3203 φωνήεντος
1115 3120 1162 3195 εἰς
1176 3114 1264 3201 δύο,
1287 3121 1334 3196 εἰς
1356 3114 1557 3205 προτακτικόι
1581 3116 1636 3183 καὶ
1659 3113 1870 3185 ότοτακτιιωί.
1915 3117 2004 3186 πόσα
2026 3119 2242 3208 προτακτικός

380 3227 491 3292 πέντε·
510 3236 531 3292 ἀ
551 3235 566 3290 i
585 3235 607 3310 ῆ
626 3235 644 3291 ὃ
664 3235 699 3292 oi.
727 3227 819 3291 διατί
835 3225 988 3309 λέγονται
1006 3221 1222 3308 προτακτικός
1246 3222 1334 3290 διότι
1347 3274 1428 3291 .....
1443 3234 1465 3290 ὑ
1485 3231 1576 3292 συλλ
1594 3220 1755 3293 ἀποτελεῖ.
1781 3224 1841 3293 El:
1859 3228 1907 3305 εἰς
1924 3224 2013 3295 πόσα
2031 3229 2241 3312 διαιροῦνται

378 3329 420 3399 τὰ
445 3327 525 3397 ἑπτὰ
549 3329 742 3417 φωνήεντος
766 3334 814 3410 εἰς
837 3329 911 3415 δύο,
935 3333 983 3408 εἰς
1004 3326 1204 3415 προτακτικὰ
1227 3328 1284 3395 καὶ
1306 3325 1518 3397 όποτακτικό.
1545 3328 1634 3400 πόσα
1655 3330 1873 3418 προτακτικός
1896 3337 1973 3419 τρία
1995 3343 2018 3400 ἄ
2038 3343 2057 3400 ε
2077 3343 2104 3402 ὀ.
2128 3358 2243 3400 κατα·

380 3442 601 3526 χρηστικῶς
629 3438 671 3507 δὲ
698 3436 827 3506 καὶτὸ
851 3449 873 3524 ἦ
895 3437 960 3504 καὶ
982 3434 1025 3504 τὸ
1050 3447 1076 3505 oi
1099 3433 1203 3522 μέγα.
1249 3439 1342 3503 διατί
1361 3437 1514 3523 λέγονται
1538 3437 1753 3525 προτακτικός
1781 3441 1867 3508 διότι
1886 3491 2028 3508 .......
2049 3450 2073 3507 ῦ
2095 3438 2162 3520 τὰς
2185 3445 2243 3507 δι-

381 3542 589 3630 φδόγγους
611 3543 773 3613 ἀποτελεῖ.
788 3585 829 3594 -
990 3545 1319 3630 Diouyains631,11
1345 3546 1405 3612 has
1429 3552 1556 3612 tantum
1579 3546 1800 3634 diphthongos
1824 3552 2004 3614 enumerat:
2027 3571 2062 3612 αι
2085 3572 2129 3613 nv
2152 3571 2180 3613 ει
2205 3573 2243 3614 ευ

381 3678 414 3720 οι
439 3677 491 3735 ου,
515 3675 573 3719 nec
595 3655 704 3738 plures
726 3654 785 3737 Ea
808 3653 864 3719 sed
886 3651 932 3718 El
951 3653 1129 3718 subiciunt:
1151 3646 1253 3719 πόσαι
1277 3653 1462 3736 δίφδοχγοι
1481 3655 1761 3738 καταχρηστικῶςς
1784 3655 1891 3722 πέντε.
1913 3652 1969 3721 καὶ
1986 3650 2025 3720 τὸ
2044 3660 2065 3737 ᾗ
2082 3652 2164 3738 μετὰ
2181 3659 2244 3722 τοῦ

381 3758 702 3845 προσγεγραμμένου
725 3786 737 3825 ι
760 3755 950 3844 δίφθογγός
973 3758 1041 3824 ἐστι
1065 3755 1127 3842 (sic
1144 3758 1172 3823 B
1191 3757 1208 3822 l
1225 3757 1259 3823 Π
1277 3759 1325 3824 ed
1344 3782 1401 3844 pr,
1425 3759 1617 3844 δίφθογγόν
1635 3759 1760 3847 Wald)
1782 3759 1839 3827 καὶ
1860 3756 1898 3827 τὸ
1922 3755 2004 3826 αὐτὸ
2028 3757 2109 3844 μετὰ
2131 3765 2193 3828 τοῦ
2210 3771 2243 3829 o.

380 3863 437 3930 καὶ
454 3861 493 3932 τὸ
513 3874 540 3932 oi
559 3865 642 3951 μέγα
660 3864 741 3951 μετὰ
760 3869 821 3932 τοῦ
840 3879 854 3931 ῑ
868 3863 925 3931 καλ
944 3861 982 3930 τὸ
1002 3861 1083 3931 αὐτὸ
1102 3860 1183 3948 μετὰ
1200 3866 1263 3931 τοῦ
1280 3873 1310 3930 ῦ.
1342 3863 1454 3934 καὶτὸ
1472 3875 1493 3931 ῖι
1512 3862 1592 3953 μετὰ
1611 3869 1673 3933 τοῦ
1690 3867 2008 3954 προσγεγραμμένου
2026 3882 2047 3933 ῖ.
2068 3903 2108 3916 ·-

386 3969 563 4056 Dionysius
579 3973 705 4056 632,22
720 3973 754 4037 in
769 3972 902 4056 optimis
915 3972 1021 4037 libris:
1041 3967 1191 4061 συλλαβή
1210 3970 1278 4038 ἐστι
1296 3976 1421 4058 κυρίως
1438 3970 1601 4058 σύλληψις
1619 3970 1814 4060 συμφόνων
1832 3974 2023 4059 (deteriores
2041 3974 2243 4062 συμφόνου)

383 4073 464 4161 μετὰ
485 4075 679 4162 φωνήεντος
696 4072 717 4163 ἢ
732 4083 947 4164 φωνηέντων,
966 4069 1041 4144 οἷον
1059 4080 1123 4161 sap
1140 4078 1230 4161 βοῦς.
1262 4082 1528 4165 καταχρηστικῶς
1546 4077 1584 4147 δὲ
1602 4078 1658 4146 καὶ
1672 4076 1694 4165 ἡ
1708 4080 1742 4160 ἐξ
1756 4075 1832 4158 ἑνὸς
1846 4078 2050 4166 φωνήεντος,
2069 4083 2243 4168 memque

381 4183 428 4249 ut
432 4209 440 4267 3
454 4183 500 4249 Ei
513 4207 590 4251 vero
605 4186 774 4251 definiunt:
794 4185 987 4264 συνέλευσις
1004 4180 1226 4271 τούλάχιστον
1244 4182 1318 4253 δύο
1336 4183 1583 4271 γραμμάτων.
1606 4189 1873 4272 καταχρηστικῶς
1886 4184 1925 4254 δὲ
1937 4187 1993 4254 καὶ
2007 4189 2046 4254 αλ
2055 4185 2243 4274 μονογρόμ-

381 4314 479 4375 ματοι
495 4289 657 4375 συλλαβαὶ
672 4291 834 4376 λέγονται.
844 4330 882 4339 -
1019 4291 1184 4358 Secundus
1198 4293 1312 4359 modus
1327 4293 1473 4378 syllabae
1485 4294 1648 4378 positione
1661 4293 1779 4378 longae
1794 4294 1880 4379 apud
1891 4292 2087 4378 Dionysium
2099 4314 2122 4378 p
2136 4295 2242 4375 633,2

382 4397 436 4463 hic
459 4400 521 4462 est:
546 4391 594 4462 ὅτ’
612 4391 655 4462 ἂν
673 4401 792 4484 βραχεῖ
807 4393 829 4482 ἢ
847 4397 1086 4488 βραχννομένφ
1105 4395 1274 4483 φωνήεντι
1293 4399 1487 4484 ἐπιφέρηται
1506 4396 1570 4466 δόο
1588 4397 1769 4484 σύμφωνα,
1787 4391 1863 4467 οἷον
1880 4396 1995 4487 ἀγρός,
2013 4405 2111 4493 atquc
2129 4401 2242 4466 eadem

381 4502 495 4589 regula
507 4503 655 4588 idemque
669 4505 851 4589 exemplum
866 4505 1017 4592 leguntur
1030 4506 1064 4570 in
1078 4505 1135 4588 ll⁸;
1149 4505 1206 4570 sed
1218 4503 1264 4571 El
1278 4505 1471 4590 Dionysium
1486 4506 1653 4591 corrigunt
1666 4528 1704 4572 ex
1718 4506 1866 4574 dochino
1878 4506 2145 4592 Hephaestionis:
2159 4502 2241 4574 όταν

382 4605 445 4674 δύο
470 4606 636 4694 σύμφωνα
660 4609 864 4694 ἐπιφέρηται,
887 4607 1020 4677 οὐκέτι
1044 4608 1087 4677 δὲ
1109 4609 1188 4698 (hoc
1211 4608 1249 4677 di
1271 4613 1408 4679 accessit
1431 4635 1471 4677 ex
1492 4612 1520 4678 Β
1539 4610 1570 4700 Ι)
1592 4608 1757 4696 ἄφωνον
1779 4611 1853 4700 πρὸ
1877 4608 2143 4698 ἄμεταβόλου,
2167 4605 2243 4682 οἷον

248 4706 252 4721 ’
381 4715 525 4799 ἵσταμαι.
544 4752 588 4763 -
748 4717 876 4782 Primus
901 4717 1014 4783 modus
1039 4718 1183 4802 syllabae
1206 4720 1384 4784 communia
1408 4719 1543 4803 633,18
1568 4724 1626 4803 est,
1650 4715 1698 4786 ὅτ’
1724 4713 1771 4786 ἂν
1788 4721 1837 4797 εἰς
1854 4722 1991 4803 φωνῆεν
2009 4715 2138 4806 μακρὸν
2157 4718 2241 4806 λήμη

542 4891 568 4958 *)
596 4891 674 4946 onius
701 4891 833 4948 editionis
855 4893 1055 4963 prolegomena
1077 4896 1182 4962 quanto
1209 4894 1313 4966 gaudio
1337 4893 1507 4964 plausuque,
1536 4910 1599 4948 cum
1623 4894 1806 4966 prodiissent,
1828 4894 1865 4948 ab
1888 4894 2060 4950 nostratibus
2084 4895 2241 4964 exterisque

382 4982 499 5050 accepta
517 4980 586 5048 sint,
604 4998 677 5036 nunc
694 4981 815 5051 legimus
835 4982 865 5036 in
885 4997 969 5036 aurea
987 4979 1136 5036 Bilibeckii
1154 4983 1328 5054 biographia.
1356 4999 1407 5038 nec
1422 4983 1516 5039 hercle
1528 4983 1676 5054 miramur,
1694 4983 1745 5039 sed
1758 4982 1857 5038 εοόοω
1871 4982 1988 5054 gaudio,
2003 4985 2241 5055 quotienscunque

361 5080 365 5087 ·
382 5067 519 5123 Thomam
538 5068 706 5137 evolvimus,
725 5070 811 5126 etism
829 5071 914 5127 hodie
933 5070 1071 5126 afficimur
1088 5086 1121 5124 ac
1139 5087 1174 5126 ne
1189 5071 1248 5128 hilo
1262 5072 1375 5144 quidem
1393 5071 1526 5127 ἰωέωίοω
1544 5087 1605 5128 esse
1619 5071 1689 5128 haec
1703 5070 1851 5140 mutnus,
1870 5087 1943 5141 quae
1957 5072 2127 5128 Bitschelins
2140 5071 2242 5143 viginti

381 5173 430 5212 sex
449 5173 535 5214 annos
553 5161 636 5213 natus
655 5159 779 5230 scripsit,
797 5177 882 5228 quam
901 5177 973 5228 quae
992 5159 1181 5228 sequebantur
1199 5177 1286 5231 opera
1303 5160 1483 5217 immortalia.
