5130 6240
1299 589 1448 635 -XIV
1498 607 1534 616 -

485 738 594 824 spexit
617 736 664 823 (id
688 737 773 822 quod
796 735 874 800 fecit
897 735 931 798 iu
954 734 1107 798 adverbio
1130 731 1310 797 deliniendo
1335 731 1365 815 3,
1388 728 1456 816 42).
1479 767 1520 776 -
1546 729 1774 796 Melanthon
1801 730 1936 814 denique
1965 729 2097 794 omnino
2126 730 2193 794 fere
2215 728 2349 795 Laecam

488 846 645 913 obnoxius
669 847 719 909 est
743 841 987 930 (cfr13,1-4.
1016 841 1064 924 13,
1079 836 1155 926 51),
1178 840 1219 903 ab
1244 839 1316 903 aliis
1340 838 1487 923 exempla
1509 837 1734 903 tantummodo
1757 837 1914 902 nonnulla
1931 839 2108 920 mutuatus,
2131 836 2219 900 velut
2241 836 2290 918 13,
2305 836 2347 900 29

486 948 594 1037 αὐτάρ
619 946 685 1034 ὅτι,
712 951 761 1034 13,
776 950 818 1014 36
842 943 896 1032 ἠέ,
923 948 1008 1030 15,5
1030 942 1161 1012 καθότι.
1204 945 1293 1022 Quae
1316 945 1401 1011 ratio
1426 949 1534 1008 autem
1558 946 1686 1026 praeter
1710 941 1789 1006 haec
1813 941 1852 1005 de
1876 941 2035 1006 adverbiis
2060 946 2092 1005 et
2115 943 2348 1007 coniunctioni-

489 1059 548 1123 bus
577 1057 683 1142 capita
710 1057 796 1120 iuter
819 1054 897 1119 XIV
921 1053 983 1118 XV
1006 1052 1086 1117 XVI
1110 1075 1191 1117 saec.
1214 1052 1380 1117 technicos
1404 1056 1438 1116 et
1461 1054 1640 1116 erotemata
1663 1070 1701 1113 ex
1725 1047 1876 1131 Dionysii
1900 1053 1968 1112 arte
1992 1046 2228 1132 Theodosiique
2252 1071 2347 1114 eano-

489 1164 584 1230 nibus
608 1162 745 1228 oriunda
767 1161 954 1244 intercedat,
977 1160 1010 1223 id
1032 1159 1225 1243 Egenolffus
1250 1180 1287 1223 eo
1312 1179 1405 1242 quem
1428 1157 1580 1242 promisit
1602 1155 1715 1220 libello
1741 1154 1923 1238 explicabit

646 1268 763 1333 Restat
785 1272 823 1331 nt
846 1267 884 1331 de
907 1268 1035 1331 ratione
1059 1266 1192 1331 alterius
1214 1266 1317 1350 partis
1340 1263 1526 1348 appendicis
1549 1283 1652 1347 pauca
1675 1261 1821 1326 adiciam.

648 1374 745 1458 Apud
769 1374 915 1438 latinos
939 1373 1214 1458 grammaticos
1237 1371 1310 1436 inde
1335 1395 1354 1436 a
1376 1371 1482 1454 primo
1504 1373 1578 1433 ante
1597 1366 1763 1433 Christum
1783 1367 1911 1433 saeculo
1931 1367 2070 1452 vestigia
2090 1368 2253 1433 doetrinae
2273 1367 2347 1433 Dio-

489 1482 643 1567 nysianae
671 1480 949 1565 deprehendimus.
995 1480 1116 1544 etenim
1139 1477 1263 1542 Varro
1286 1499 1353 1542 non
1377 1477 1481 1544 solum
1503 1481 1601 1540 artem
1620 1476 1857 1558 qrammcticnm
1879 1476 2038 1540 scientrem
2061 1495 2122 1540 esse
2144 1496 2248 1540 eorum
2270 1497 2349 1558 quoe

487 1610 509 1653 a
530 1589 630 1671 poetis
656 1588 808 1652 historicis
835 1586 1063 1666 oratoribusque
1088 1585 1233 1649 duratur
1259 1605 1296 1649 aa
1320 1589 1413 1666 parte
1434 1585 1550 1648 maiore
1573 1581 1683 1677 docuit
1704 1581 1862 1647 Thracem
1885 1582 2032 1646 imitatus
2056 1581 2142 1667 (vide
2165 1580 2347 1647 Wilmann-

489 1696 572 1761 sium
595 1716 616 1778 p
640 1691 712 1780 99),
741 1693 797 1757 sed
826 1694 925 1756 etiam
953 1693 987 1756 in
1013 1713 1226 1776 personarum
1250 1689 1435 1754 definitione
1459 1690 1538 1774 quin
1559 1689 1651 1754 illum
1675 1694 1804 1754 secutus
1828 1689 1884 1771 sit,
1911 1709 1977 1753 non
1999 1685 2124 1754 dubito]
2167 1687 2347 1772 Dionysius
2376 1713 2384 1729 ·

489 1801 639 1883 638,18:
666 1795 828 1883 πρόσωπα
852 1795 889 1863 δὲ
911 1801 1002 1882 τρία,
1025 1799 1174 1881 πρῶτον,
1199 1793 1372 1887 δεύτερον,
1395 1799 1520 1880 τρίτον·
1547 1797 1681 1880 πρῶτον
1704 1792 1765 1878 μὲν
1788 1789 1849 1878 ἀφ’
1875 1783 1917 1860 οὗ
1941 1789 1959 1858 ὁ
1983 1791 2099 1876 λόγος,
2127 1791 2286 1878 δεύτερον
2310 1793 2347 1861 db

487 1902 571 1991 πρὸς
593 1899 634 1970 ὃν
658 1900 676 1970 ὁ
700 1902 815 1988 λόγος,
838 1907 951 1988 τρίτον
975 1902 1012 1969 δὲ
1035 1902 1109 1989 περὶ
1133 1891 1175 1968 οὖ
1199 1898 1217 1968 ὁ
1240 1900 1348 1986 λόγος.
1380 1902 1486 1968 Varro
1509 1900 1838 1982 retribuere:
1861 1922 1953 1984 quem
1975 1903 2047 1966 dem
2065 1921 2270 1985 pesonarum
2292 1925 2347 1967 aa·

488 2019 560 2078 turo
583 2013 693 2095 triplex
714 2018 795 2094 esset,
818 2014 872 2094 qui
894 2013 1071 2095 loqueretur,
1093 2013 1137 2076 ud
1153 2031 1250 2095 quera
1272 2012 1308 2075 de
1329 2031 1405 2091 qao:
1428 2010 1500 2074 laser
1521 2009 1561 2074 ab
1579 2011 1680 2074 eedem
1696 2009 1785 2075 verbo
1802 2010 1955 2074 declinate
1972 2010 2062 2092 (nam
2080 2009 2124 2073 cd
2139 2030 2237 2091 qerena
2260 2011 2347 2094 quod

489 2141 509 2184 a
531 2118 694 2184 codicibus
718 2119 872 2184 omissum
896 2122 973 2204 post
994 2120 1030 2183 de
1051 2139 1110 2200 quo
1134 2117 1194 2182 add
1218 2116 1319 2203 vulg,
1341 2121 1428 2181 recte
1451 2114 1615 2180 Oldueller
1637 2121 1713 2200 post
1738 2118 1793 2198 qui
1815 2117 1986 2198 loqueram
2007 2116 2168 2198 inseruit).
2210 2138 2346 2200 qnorum

488 2225 633 2292 locorum
666 2247 840 2291 consensus
872 2225 907 2289 in
936 2245 974 2289 eo
1002 2247 1129 2309 quoque
1157 2224 1312 2307 cernitur,
1344 2223 1431 2307 quod
1456 2227 1592 2307 uterque
1619 2222 1787 2289 technicus
1814 2245 1992 2307 pronomen
2019 2224 2190 2288 relativum
2219 2223 2347 2307 generis

488 2331 659 2397 masculini
691 2332 828 2396 subiecit
858 2331 941 2396 alius
970 2331 1098 2415 generis
1128 2331 1343 2395 substantivo.
1388 2328 1509 2415 Verum
1536 2351 1602 2394 non
1628 2332 1756 2394 tantum
1785 2330 1825 2394 ab
1853 2330 2019 2395 nonnullis
2048 2328 2270 2415 grammaticis
2300 2329 2345 2394 la-

487 2438 567 2504 tinis
591 2439 716 2523 aliquot
737 2439 825 2503 locos
850 2437 929 2501 aitis
953 2435 1104 2521 Dionysii
1127 2438 1283 2522 probatos
1306 2440 1517 2522 receptosque
1539 2457 1610 2501 esse
1632 2439 1728 2519 puto,
1752 2436 1807 2501 sed
1830 2437 1934 2521 primo
1957 2439 2033 2521 post
2046 2433 2210 2501 Christum
2233 2441 2347 2501 natum

488 2545 618 2610 saeculo
659 2567 759 2609 unum
796 2543 1034 2629 artigraphum,
1075 2566 1113 2609 ex
1157 2545 1246 2611 cuius
1284 2544 1477 2608 auctoritate
1512 2542 1645 2627 plurimi
1680 2544 1896 2627 posteriorum
1932 2565 2068 2628 quorum
2106 2543 2225 2626 scripta
2262 2545 2348 2607 aeta

486 2654 553 2716 tem
579 2652 683 2717 tulere
712 2651 885 2736 pendeant,
911 2653 1016 2715 totam
1042 2651 1183 2715 technen
1209 2652 1245 2715 in
1271 2672 1365 2715 usum
1394 2671 1487 2714 suum
1514 2650 1724 2733 convertisse,
1751 2650 1799 2716 ita
1828 2653 1940 2716 tamen
1963 2653 1999 2715 ut
2026 2650 2188 2733 permulta
2218 2651 2347 2715 omitte

488 2761 551 2841 ret,
580 2759 724 2842 adderet,
754 2757 946 2842 corrigeret,
975 2762 1205 2849 corrumperet.
1251 2755 1335 2822 hanc
1368 2759 1563 2822 sententiam
1595 2780 1669 2823 cum
1701 2758 1822 2842 optime
1853 2779 1892 2822 ex
1925 2757 1971 2822 eis
2002 2756 2235 2843 grammaticae
2263 2759 2349 2842 capi-

487 2865 577 2929 tibus
605 2865 820 2930 demonstrari
847 2885 944 2948 posse
971 2863 1204 2948 existimarem,
1236 2885 1317 2949 quae
1345 2862 1384 2927 de
1412 2864 1638 2931 adverbiorum
1666 2868 1699 2929 et
1721 2865 1888 2930 nominum
1912 2865 2079 2948 speciebus
2103 2868 2192 2947 sunt,
2220 2886 2240 2929 a
2263 2886 2284 2948 p
2306 2866 2345 2930 18

489 2970 530 3036 ad
549 2971 592 3035 36
614 2970 730 3036 horum
753 2970 931 3066 particulas
954 2970 1123 3054 composui
1145 2992 1184 3035 ex
1202 2970 1353 3055 Dionysii
1375 2971 1490 3036 techna
1512 2971 1687 3056 latinisque
1710 2972 1836 3037 artibus
1859 2976 2034 3056 excerptas.
2066 2975 2101 3037 at
2123 2974 2197 3035 utar
2215 2969 2276 3035 hac
2295 2971 2348 3036 de·

487 3077 689 3142 monstrandi
712 3077 848 3141 materia
870 3097 938 3141 non
961 3076 1070 3159 hodie,
1095 3076 1151 3143 sed
1174 3076 1262 3142 alibi.
1302 3098 1378 3141 nam
1400 3100 1485 3143 nunc
1509 3082 1546 3142 ut
1569 3079 1666 3143 finem
1689 3078 1807 3143 faciam
1831 3078 1998 3162 epistulae,
2021 3083 2054 3142 et
2072 3078 2157 3143 oculi
2176 3081 2297 3162 eogrmt
2315 3082 2349 3142 et

490 3188 617 3267 tempus
640 3188 674 3248 et
696 3185 861 3269 gymnasii
882 3184 986 3248 nostri
1004 3185 1110 3248 fiscus.
1138 3204 1216 3268 ergo
1234 3183 1316 3247 nihil
1336 3184 1451 3249 addam
1469 3185 1533 3250 nisi
1551 3185 1615 3250 tria
1632 3208 1684 3250 me
1703 3208 1741 3251 ex
1761 3186 1861 3251 animi
1880 3184 2041 3251 sententia
2060 3188 2181 3269 optare,
2204 3184 2347 3269 prImum

488 3294 525 3354 ut
548 3288 597 3354 Tu
620 3289 743 3375 'I'uique
766 3291 918 3372 valeatis,
941 3290 1053 3354 deinde
1076 3313 1116 3355 ne
1139 3291 1236 3355 nimis
1260 3289 1430 3373 displiceat
1451 3292 1523 3357 Tibi
1547 3292 1627 3359 haec
1651 3294 1759 3378 opella
1781 3315 1868 3377 mea,
1895 3293 2028 3357 tertium
2050 3313 2091 3356 ne
2114 3291 2243 3355 desinas
2266 3291 2345 3356 mihi

489 3396 597 3462 favere
626 3402 759 3481 propter
787 3398 1042 3462 controversiam
1066 3419 1149 3482 quae
1172 3420 1274 3482 nuper
1296 3399 1381 3462 inter
1402 3420 1462 3463 nos
1486 3405 1600 3465 exorta
1623 3403 1672 3465 est
1694 3399 1988 3484 orthographicam.
2035 3399 2157 3463 scilicet
2179 3380 2246 3463 nori
2269 3397 2343 3462 leri·

488 3502 600 3567 denaia
621 3502 717 3567 hodie
739 3503 821 3568 talia
838 3507 915 3567 sunt
931 3524 1034 3589 neque
1049 3501 1182 3569 Sextum
1195 3503 1397 3590 Empiricum
1416 3506 1573 3590 audimus,
1596 3507 1652 3591 qui
1670 3506 1747 3571 olim
1766 3510 1887 3571 temere
1905 3505 2013 3570 inrisit
2031 3505 2191 3569 iustarum
2210 3505 2341 3588 scriptu·

489 3632 599 3674 rarum
618 3610 810 3693 defensores,
834 3611 890 3677 sed
908 3615 1012 3676 totam
1032 3615 1172 3675 aetatem
1190 3616 1337 3677 nostram
1354 3612 1441 3677 haud
1458 3614 1620 3679 immerito
1639 3613 1813 3677 diaerimus
1832 3611 2126 3698 orthographicum,
2148 3615 2261 3696 utpote
2279 3632 2344 3697 qna

488 3737 529 3781 ne
552 3738 609 3781 rex
631 3716 761 3801 quidem
785 3718 1036 3802 augustissimus
1061 3718 1214 3783 omissam
1237 3719 1260 3783 h
1278 3720 1420 3784 liiteram
1438 3721 1571 3804 propria
1589 3742 1686 3784 manu
1705 3720 1907 3804 interponere
1927 3719 2119 3805 dedignatus
2138 3720 2182 3783 sit
2202 3739 2260 3784 nec
2272 3740 2345 3784 can-

490 3822 640 3887 cellarius
666 3823 910 3907 potentissimus
939 3824 1135 3889 dubitauerit
1158 3824 1294 3909 edicere,
1325 3849 1367 3891 ne
1394 3816 1472 3911 quid
1499 3826 1684 3890 detrimenti
1711 3826 1745 3890 in
1773 3825 1891 3890 litteris
1919 3826 1960 3890 ad
1982 3825 2111 3909 imperii
2135 3826 2347 3910 magistratus

490 3928 604 3994 dandis
623 3935 775 4014 caperent
792 3931 958 3996 voeabula.
993 3952 1075 4015 quae
1094 3932 1232 3996 comita
1251 3933 1326 4018 sint,
1344 3955 1400 3998 oro
1419 3932 1466 3997 Te
1485 3937 1581 4016 atque
1600 3934 1743 4016 obsecro,
1760 3953 1801 3997 ne
1820 3954 1859 3998 ex
1876 3932 1947 3997 Tua
1966 3935 2137 3997 atonorum
2156 3953 2347 4017 graecorum

490 4034 675 4100 defensione
702 4036 947 4102 benevolentiae
970 4037 1057 4102 Tuae
1087 4059 1165 4124 erga
1191 4061 1244 4103 me
1271 4045 1424 4104 nascatur
1446 4034 1573 4105 ἀτονία.
1614 4037 1759 4123 eqdidem
1783 4043 1896 4105 contra
1918 4038 2075 4123 spondeo,
2102 4039 2250 4122 quamvis
2275 4059 2348 4104 acer

490 4141 551 4207 sim
574 4145 778 4225 προκλίσεως
800 4143 1011 4229 adversarius,
1033 4150 1143 4210 tamen
1165 4150 1374 4231 meam'erga
1387 4146 1434 4211 Te
1457 4167 1650 4231 propensam
1672 4145 1915 4211 inclinationem
1933 4166 2108 4230 numquam
2126 4167 2191 4211 non
2211 4167 2263 4209 me
2282 4166 2348 4210 ser·

489 4254 638 4315 vaturnm
662 4271 741 4315 esse.

649 4374 776 4440 Dabam
800 4373 1034 4460 Heidelbergae
1057 4397 1086 4441 a.
1109 4375 1138 4443 d.
1160 4374 1222 4440 XV
1244 4376 1284 4440 Κ.
1308 4340 1395 4441 dext.
