5130 6240
1051 1492 1101 1575 e.
1131 1492 1453 1601 vunrervs

1213 1646 1240 1705 S.
1259 1649 1292 1705 D.

1076 1797 1121 1870 H.
1154 1796 1426 1871 VSENERO

481 1989 558 2056 Noli
587 1988 743 2072 deridere,
771 1989 817 2055 mi
843 1987 1000 2072 Vsenere,
1028 1989 1089 2054 hoc
1116 1989 1361 2074 prothysteron,
1390 1990 1475 2075 quod
1504 1994 1579 2054 ante
1604 1989 1685 2054 artis
1708 1987 1930 2074 Dionysianae
1955 1991 2184 2075 quaterniones
2239 1989 2244 2005 '

325 2102 506 2183 postremos
529 2096 716 2162 transmitto
735 2094 808 2160 Tibi
833 2094 1051 2181 appendicem.
1079 2097 1199 2161 etenim
1223 2097 1304 2161 dnae
1327 2101 1402 2162 sunt
1425 2118 1556 2179 causae,
1579 2118 1659 2180 quae
1682 2094 1758 2161 illos
1782 2097 1948 2182 aliquanto
1971 2101 2184 2180 remorantur,

325 2205 427 2269 altera
450 2203 645 2287 laetissima,
668 2225 749 2287 quae
773 2203 881 2288 posita
904 2207 954 2268 est
977 2203 1011 2267 in
1033 2225 1083 2287 re,
1106 2181 1223 2268 aedrba
1246 2203 1361 2288 altera,
1385 2226 1465 2288 quac
1489 2203 1554 2268 sita
1576 2203 1682 2269 estin
1706 2225 1766 2268 me.
1793 2203 1878 2269 hanc
1901 2224 2028 2289 quoque
2050 2209 2087 2269 ut
2108 2204 2184 2270 Tibi

323 2310 474 2376 indicem:
503 2311 671 2376 oculorum
694 2310 807 2376 morbo
831 2331 930 2375 vexor
952 2310 1070 2376 abhinc
1094 2315 1216 2395 septem
1238 2332 1375 2376 menses.
1402 2311 1429 2374 is
1454 2310 1514 2375 otii
1533 2310 1610 2392 mei,
1633 2308 1718 2393 quod
1741 2306 1872 2394 (quibus
1894 2310 2095 2395 temporibus
2118 2332 2185 2377 non

324 2417 421 2501 plane
439 2416 562 2502 deerat)
580 2420 687 2482 totum
704 2416 771 2480 fere
790 2415 1042 2501 technographis
1060 2417 1184 2501 graecis
1204 2416 1345 2481 tribuere
1365 2416 1522 2499 solebam,
1540 2420 1665 2501 partem
1683 2415 1815 2501 reliquit
1833 2416 1922 2481 hisce
1936 2415 2058 2481 studiis
2075 2438 2184 2501 unam,

221 2604 224 2611 Ι
323 2522 402 2588 duas
430 2522 518 2588 dedit
545 2525 603 2587 aut
630 2521 824 2587 ambulando
852 2526 910 2587 aut
932 2522 1077 2587 Antinoo
1106 2521 1242 2606 aliisque
1267 2522 1387 2588 fabulis
1410 2523 1658 2588 romanensibus
1682 2521 1738 2587 sed
1761 2545 1827 2588 non
1850 2523 1993 2588 romanis
2017 2521 2184 2588 audiendis

324 2633 380 2694 aut
403 2629 575 2713 colloquiis
597 2628 737 2713 politicis
760 2626 924 2712 futilibus,
952 2627 1060 2712 qualia
1083 2633 1172 2693 sunt:
1199 2651 1276 2694 num
1300 2651 1412 2694 revera
1435 2629 1648 2694 cancellarius
1671 2634 1783 2695 noster
1806 2651 1845 2693 ex
1868 2628 1958 2694 fumo
1981 2628 2115 2693 daturus
2139 2630 2183 2694 sit

322 2735 427 2800 lucem
455 2735 578 2801 aerario
605 2735 734 2821 imperii
757 2733 955 2818 Germanici,
986 2735 1036 2799 rel
1064 2734 1139 2821 quid
1166 2735 1262 2800 hodie
1290 2736 1328 2799 de
1352 2734 1549 2820 Carthagine
1577 2735 1771 2800 censendum
1799 2735 1851 2801 sit.
1894 2758 1932 2801 ac
1960 2734 2181 2820 desperassem

323 2841 361 2905 de
380 2840 530 2926 Dionysii
553 2843 738 2908 recensione
761 2863 846 2907 nunc
870 2840 1080 2925 absolvenda,
1102 2842 1165 2907 nisi
1189 2846 1223 2907 et
1242 2842 1342 2908 oculis
1361 2847 1395 2907 et
1412 2841 1563 2906 manibus
1582 2842 1630 2906 uti
1648 2842 1828 2926 potuissem
1848 2842 2048 2927 collegarum
2066 2842 2184 2908 libera-

324 2947 568 3034 lissimorum.*)
612 2948 668 3015 sed
692 2969 794 3033 apage
818 2948 973 3033 querelas.
1010 2950 1222 3034 gaudeamus,
1246 2948 1331 3033 quod
1350 2985 1393 2996 -
1418 2969 1499 3033 qnae
1524 2948 1627 3012 altera
1650 2946 1815 3013 dilationis
1839 2953 2009 3014 causaest
2032 2986 2073 2995 —
2098 2970 2185 3014 nova

219 3072 222 3078 '
322 3054 377 3118 lux
401 3055 523 3120 affulsit
545 3055 663 3122 Thraci
687 3079 724 3120 ex
748 3056 879 3121 oriente.

482 3163 533 3228 Ex
564 3164 625 3247 eis,
662 3185 744 3247 quae
775 3162 929 3227 Paulinus
962 3161 1107 3227 Martin
1139 3161 1292 3228 ‘Journal
1324 3160 1498 3247 asiatique’
1532 3184 1591 3228 ser.
1619 3160 1666 3227 VI
1698 3166 1720 3226 t.
1752 3160 1812 3226 XX
1844 3185 1866 3246 p
1900 3162 1965 3227 248
1998 3161 2186 3246 disputavit,

323 3264 701 3334 Hoerschelmannus
729 3269 763 3333 in
787 3267 1012 3334 dissertatione
1036 3268 1075 3333 de
1097 3268 1249 3353 Dionysii
1272 3269 1503 3353 interpretibus
1530 3291 1552 3353 p
1580 3269 1621 3334 81
1646 3267 1791 3354 conlegit
1817 3268 1998 3333 versionem
2026 3267 2185 3350 syriacam

323 3379 449 3441 exstare
472 3377 604 3442 technas
623 3376 842 3462 Dionysianae
865 3362 905 3441 ab
929 3375 1070 3441 Iacobo
1093 3375 1290 3441 Edesseno
1314 3376 1493 3441 confectam
1517 3372 1585 3459 (qui
1609 3375 1777 3459 episcopus
1796 3374 1938 3439 Edessae
1961 3377 2031 3438 erat
2049 3378 2184 3439 exeunte

323 3483 451 3548 saeculo
475 3485 611 3566 septimo
636 3488 668 3549 et
689 3484 820 3549 ineunte
843 3482 981 3568 octavo).
1016 3504 1075 3547 nec
1093 3481 1234 3547 dubitari
1256 3504 1367 3566 posse,
1389 3481 1467 3566 quin
1486 3502 1562 3546 usus
1586 3482 1631 3545 sit
1652 3481 1707 3547 ille
1726 3484 1796 3546 arte
1814 3479 1949 3545 Thracis
1969 3483 2065 3565 atque
2084 3480 2184 3547 etiam

324 3586 497 3654 Theodosii
516 3589 760 3673 canonibus**),
778 3587 920 3654 affirmat
933 3588 1103 3654 lllerrius
1122 3594 1242 3672 noster,
1260 3590 1476 3674 peritissimus
1495 3589 1610 3654 harum
1625 3611 1730 3654 rerum
1744 3587 1848 3670 iudex,
1866 3588 1921 3671 qui
1936 3609 2010 3652 mor
2024 3608 2185 3652 commen·

265 3692 271 3719 ⁸
324 3696 480 3761 tationem
503 3695 553 3762 ‘de
577 3696 654 3761 fatis
678 3696 758 3760 artis
781 3695 1010 3780 grammaticae
1034 3694 1119 3780 apud
1142 3693 1251 3779 Syros’
1273 3696 1395 3779 publici
1418 3697 1497 3761 iuris
1521 3693 1714 3783 faciet***);
1738 3695 1935 3761 convertisse
1954 3716 2029 3760 vero
2048 3693 2183 3758 Edesse-

325 3820 402 3864 num
424 3802 458 3865 in
482 3824 662 3868 sermonem
685 3802 827 3886 patrium
850 3822 908 3866 nec
931 3805 1035 3867 totam
1058 3805 1161 3866 artem
1183 3823 1243 3866 nec
1265 3803 1467 3888 particulam.
2003 3870 2009 3881 ,

483 3910 530 3974 At
553 3903 570 3974 ὁ
595 3906 723 3994 τρώσας
746 3906 801 3973 καὶ
821 3903 946 3973 ἰάσατο.
978 3908 1105 3973 invenit
1122 3909 1306 3994 nuperrime
1325 3908 1410 3974 idem
1429 3908 1569 3974 Mer-rius
1588 3900 1768 3974 versionem
1792 3908 1951 3992 syriacam
1968 3906 2184 3991 plurimorum

324 4014 492 4080 enchiridii
520 4017 629 4101 graeci
657 4017 814 4100 capitum,
847 4035 929 4098 quae
957 4013 1085 4078 saeculo
1114 4014 1226 4097 quinto
1256 4015 1307 4079 vel
1335 4020 1426 4080 sexto
1455 4015 1626 4080 tribuenda
1654 4019 1717 4097 est,
1749 4015 1784 4080 iu
1810 4013 1935 4079 duobus
1962 4014 2054 4079 libris
2082 4036 2181 4078 manu

324 4120 454 4205 scriptis
482 4123 584 4188 musei
607 4122 835 4203 Londinensis,
862 4121 1028 4183 inventam
1056 4118 1102 4183 ita
1130 4118 1300 4205 descripsit
1327 4125 1363 4185 ut
1385 4122 1537 4186 minimas
1564 4122 1721 4187 librorum
1744 4119 1976 4205 discrepantias
2000 4120 2181 4196 adnotaret,

325 4225 520 4312 descriptam
540 4229 586 4292 ita
604 4229 835 4312 interpretatus
854 4231 913 4309 est,
932 4230 969 4289 ut
987 4224 1169 4310 ubicunque
1189 4230 1316 4312 pateret
1330 4225 1447 4313 Syrum
1466 4249 1582 4314 graeca
1600 4226 1773 4313 diligenter
1791 4226 1955 4291 imitatum
1973 4247 2052 4308 esse,
2071 4248 2183 4290 rursus

324 4334 358 4398 in
383 4355 534 4419 graecum
558 4357 740 4402 sermonem
764 4335 980 4415 converteret,
1003 4352 1210 4418 quaecunque
1233 4337 1342 4398 autem
1366 4339 1534 4419 praeterea
1557 4332 1749 4398 adderentur
1772 4333 1823 4397 vel
1846 4332 1887 4397 ab
1911 4330 2066 4414 Dionysio
2090 4332 2183 4397 valde

500 4528 526 4595 ¹⁸)
544 4543 634 4597 neque
653 4530 704 4583 has
723 4528 798 4599 ipsas
821 4528 926 4583 licebat
947 4527 1030 4582 edere
1049 4525 1191 4596 plagulas,
1215 4527 1320 4596 absque
1340 4526 1507 4597 Hilgardo
1525 4526 1635 4593 fuisset,
1659 4527 1707 4594 qui
1724 4522 1885 4595 θρεπτήρια
1903 4522 2060 4594 largissime
2079 4522 2182 4589 reddit,

324 4629 375 4668 nec
394 4631 470 4671 more
489 4621 617 4685 coactus,
635 4616 685 4671 aed
704 4634 738 4672 eo
756 4618 863 4685 auimo,
882 4620 914 4671 ut
931 4617 1098 4672 facillimum
1117 4615 1156 4669 ait
1173 4616 1299 4686 accipere
1318 4615 1455 4687 quidquid
1473 4614 1599 4685 praebet.

483 4705 525 4774 *⁸)
544 4706 680 4760 Martinus
696 4706 855 4776 composuit
872 4723 1056 4762 consonarum
1076 4704 1301 4760 distributionem
1320 4707 1356 4759 ab
1375 4704 1476 4759 Iacobo
1495 4702 1671 4773 propositam
1690 4718 1752 4756 cum
1767 4701 1939 4771 Dionysiana
1956 4702 2096 4754 mutarum
2110 4699 2182 4754 divi·

328 4791 418 4859 sioue,
437 4793 510 4850 unde
528 4797 610 4865 patet
627 4797 718 4855 ψιλῶν
738 4794 848 4850 δασέων
868 4793 960 4865 μέσων
980 4795 1083 4849 classes
1101 4792 1137 4846 ab
1155 4793 1297 4849 Edessauo
1316 4795 1442 4862 receptas
1463 4808 1616 4860 eorumque
1634 4791 1748 4846 nomina
1765 4790 1994 4856 hauriamus,
2018 4788 2067 4843 sed
2091 4789 2131 4843 ita
2149 4791 2183 4842 ut

324 4898 420 4937 omues
439 4900 589 4951 consonas,
612 4901 668 4939 non
692 4885 782 4939 solum
802 4886 894 4938 mutas
917 4883 947 4937 in
969 4884 1022 4936 has
1040 4886 1098 4951 tres
1116 4882 1223 4952 species
1241 4882 1429 4937 distribueret.
1466 4882 1542 4950 qnod
1565 4880 1639 4935 idem
1662 4881 1760 4936 fecisse
1779 4879 1942 4934 Armenium
1964 4878 2080 4932 techuea
2097 4877 2182 4931 iuter-

324 4972 433 5042 pretem
453 4973 559 5043 legisti,
581 4974 604 5026 ei
623 4974 707 5029 modo
725 4972 833 5044 legisti,
852 4972 881 5026 in
900 4971 1027 5040 Dionysii
1046 4971 1170 5026 editione
1190 4986 1253 5024 mea
1270 4988 1288 5040 p
1311 4977 1350 5026 11.

471 5062 530 5130 m)
549 5079 620 5132 quae
645 5063 674 5117 in
693 5062 808 5118 libraria
826 5060 1064 5132 orphanotrophei
1083 5059 1212 5115 italensis
1229 5059 1370 5129 prostabit
1388 5057 1536 5114 coniuncta
1555 5074 1619 5111 cum
1638 5055 1760 5111 editione
1778 5054 1846 5109 artie
1866 5055 2067 5124 grammaticae
2087 5054 2185 5111 Severi

325 5151 383 5205 sire
403 5150 497 5205 lacobi
516 5152 694 5208 Tacritensis.

1934 5233 1972 5287 a*
