5130 6240
421 609 465 676 26
1087 610 1135 667 DE
1154 608 1423 667 ADVERBIORVM
1442 609 1636 668 SPECIEBVS

1346 770 1383 826 18

492 860 683 932 Dionysius
702 865 765 930 642,
785 868 833 917 11:
854 857 897 916 Tol
917 859 948 915 dt
968 862 1148 930 συγκρίσεως,
1168 858 1229 916 olor
1248 861 1352 929 μᾶλλον
1370 852 1465 930 ἧττον.

495 939 552 996 Gur
565 943 597 996 in
611 944 657 1008 eis,
671 960 741 1013 quac
753 960 787 998 aa
801 943 1015 998 Palaemonis
1028 943 1061 997 de
1075 941 1203 996 adverbio
1217 943 1305 1010 capite
1318 942 1440 997 oriunda
1452 945 1518 996 suist
1531 941 1608 1011 apud
1623 939 1793 1007 charisium,
1809 944 1908 1011 species
1921 944 1991 999 desit
2004 945 2227 1015 comparationis,
2242 944 2319 999 hacc

421 1023 579 1091 ostendunt,
597 1040 667 1093 quae
684 1040 718 1079 ex
736 1024 853 1078 eiusdem
872 1024 987 1079 &clinici
1004 1023 1037 1078 de
1051 1023 1241 1077 coniunctione
1255 1024 1343 1092 copiis
1356 1026 1483 1091 excerpta
1496 1021 1609 1092 legimus
1623 1022 1700 1091 opud
1715 1020 1826 1077 Charis.
1840 1023 1934 1092 1225,
1949 1028 1988 1080 29
2001 1023 2125 1079 Diomed.
2141 1025 2164 1077 I
2175 1028 2242 1091 416,
2257 1026 2317 1079 27.·

400 1101 558 1158 tralativas
577 1103 613 1156 ed
631 1103 754 1173 aliquid,
777 1108 810 1159 ut
827 1103 934 1159 Plinius
953 1105 1006 1170 ait,
1030 1103 1089 1158 sive
1107 1101 1305 1170 comparativae
1324 1100 1377 1156 hae
1397 1101 1459 1172 [scil
1476 1100 1714 1172 coniunctiones],
1732 1102 1823 1172 magis
1842 1103 1936 1173 patius
1954 1103 2049 1159 immo.

492 1182 636 1238 Romani
659 1185 789 1240 adratis
811 1185 999 1265 cornparatioa
1021 1183 1113 1239 eadem
1134 1185 1200 1236 sunt
1221 1198 1291 1251 quae
1314 1182 1348 1236 ah
1366 1181 1504 1251 Dimmsio
1526 1186 1727 1250 nmamantur
1749 1184 1912 1254 παραβολῆς
1934 1176 1952 1253 ἢ
1976 1179 2148 1254 ὁμοιώσεως,
2173 1201 2192 1240 a
2211 1185 2316 1240 ceteris

421 1263 519 1318 latinis
536 1265 706 1334 artigraphis
723 1265 932 1331 similitudinis,
949 1280 1033 1333 neoris
1046 1262 1224 1332 procsermdi
1241 1264 1336 1318 classis
1349 1262 1426 1332 apud
1439 1260 1596 1316 Romanum
1610 1262 1632 1315 Ι
1646 1264 1708 1328 192,
1722 1265 1741 1314 8
1755 1277 1816 1316 cum
1829 1264 1998 1332 συγκρίσεως
2012 1264 2150 1319 adverbiis
2168 1263 2315 1334 congruit,

419 1345 467 1400 sed
484 1344 549 1399 leaeo
572 1345 663 1400 eadem
686 1350 724 1400 est
746 1362 815 1416 quae
837 1347 871 1401 ah
895 1345 1007 1400 Donato
1031 1344 1052 1397 1
1055 1341 1082 1396 V
1097 1345 1160 1409 386,
1183 1346 1219 1396 16
1241 1347 1266 1396 et
1289 1341 1432 1398 Sacerdote
1454 1340 1500 1395 VI
1516 1344 1580 1409 442,
1601 1345 1638 1398 23
1661 1343 1778 1411 eligendi
1799 1345 1898 1412 specim
1920 1346 2092 1414 nominatur,
2116 1344 2150 1400 ac
2172 1343 2316 1400 mameae

420 1423 443 1478 I
457 1428 521 1493 404,
538 1428 576 1479 20
593 1426 729 1494 optionem
745 1426 902 1496 significare
919 1426 1030 1479 dicitur.

386 1512 412 1554 1⁰
493 1504 712 1560 Cominianus
732 1507 753 1560 I
770 1511 834 1572 181,
854 1511 885 1561 9:
904 1504 1154 1575 comparationem,
1173 1503 1206 1558 ut
1223 1502 1314 1572 magis
1333 1502 1434 1572 potius.

491 1586 688 1656 Anonymus
705 1586 728 1640 I
745 1591 807 1652 181,
825 1590 875 1642 27.·
894 1584 1079 1655 conperendi,
1097 1584 1188 1653 magis
1207 1583 1309 1653 potius.

492 1665 669 1722 Diomedes
687 1671 712 1720 et
729 1665 914 1721 Dositheus
932 1666 1004 1720 lianc
1021 1665 1134 1733 speciem
1152 1680 1202 1718 orn.

491 1745 648 1801 Donatus
666 1746 716 1799 IV
732 1750 796 1812 386,
816 1751 864 1801 17.·
883 1743 1066 1815 conparandi,
1084 1746 1118 1797 ut
1134 1743 1225 1814 magis
1244 1744 1290 1798 vel
1308 1747 1375 1799 tam

491 1826 659 1897 [Probus]
676 1825 727 1879 IV
744 1831 806 1894 154,
826 1831 874 1881 15:
893 1823 1094 1895 comparantis,
1112 1826 1145 1878 ut
1162 1823 1261 1894 magis.

491 1906 654 1961 Sacerdos
679 1905 725 1960 VI
740 1911 803 1974 442,
821 1910 871 1962 24:
890 1903 1081 1976 comparandi,
1099 1904 1132 1958 ut
1149 1902 1249 1973 magis.

491 1985 728 2058 [Victorinus]
752 1985 799 2040 VI
814 1988 879 2052 202,
899 1990 930 2040 1.·
949 1985 1005 2040 alie
1024 1982 1253 2054 comparationis,
1271 1984 1304 2038 ut
1322 1983 1410 2039 satius
1428 1983 1519 2054 magis
1537 1982 1638 2054 potius.

493 2065 698 2122 Priscianus
717 2065 780 2119 ΙΙΙ
793 2069 838 2136 88,
857 2071 888 2120 1.·
907 2064 1110 2136 comparativs,
1128 2067 1161 2118 ut
1179 2063 1270 2134 magis
1288 2062 1388 2119 minus.

490 2296 683 2366 Dionysius
702 2301 765 2364 642,
784 2301 832 2353 12.·
854 2291 897 2351 Τὰ
916 2294 947 2350 δὲ
969 2292 1143 2364 ἐρωτήσεως,
1163 2292 1224 2350 clau
1242 2292 1336 2351 πόθεν
1354 2297 1461 2365 πηνίκα
1479 2297 1546 2359 πῶς.

492 2376 674 2431 Palaemon
691 2378 713 2431 Ι
732 2381 794 2444 188,
812 2379 862 2432 22:
880 2373 1076 2446 percontandi,
1094 2374 1172 2429 velut
1190 2392 1239 2429 cur
1256 2393 1342 2445 quare
1361 2375 1472 2445 quidita
1490 2375 1590 2445 ecquid
1608 2391 1676 2428 num
1694 2388 1785 2429 nonne
1805 2375 1898 2428 utrum
1916 2377 2046 2432 utrumne
2066 2393 2102 2432 en
2121 2395 2222 2436 ennon
2263 2372 2266 2378 ’

489 2456 660 2513 Romanus
678 2458 700 2511 I
717 2461 780 2524 192,
798 2461 830 2512 2:
848 2455 1052 2525 interrogandi,
1073 2454 1138 2509 ‘cur
1155 2456 1340 2526 reliquistit’,
1360 2456 1522 2526 ‘quianam
1541 2454 1615 2510 tenti
1634 2452 1780 2509 cinxerant
1798 2454 1912 2509 aethera
1930 2455 2063 2513 nimbir’.

491 2537 711 2593 Cominianus
729 2539 750 2591 Ι
767 2542 829 2603 181,
849 2541 880 2591 6.-
898 2533 1160 2605 interrogationem,
1178 2538 1211 2590 ut
1229 2553 1284 2591 cur.

489 2618 684 2686 Anonymus
703 2619 725 2671 I
742 2623 804 2684 181,
822 2621 873 2672 23:
891 2615 1086 2686 percontandi,
1106 2632 1154 2671 cur
1173 2616 1282 2686 quiditu
1300 2618 1469 2687 quapropter
1487 2631 1580 2684 quare.

490 2696 667 2751 Diomedes
685 2697 707 2750 I
721 2701 783 2763 404,
803 2701 852 2751 12.·
870 2695 1131 2766 interrogationem,
1150 2698 1183 2751 ut
1201 2715 1250 2752 cur
1268 2713 1353 2766 quare
1372 2695 1482 2766 quidita
1500 2710 1601 2764 nempe
1620 2711 1711 2750 nonne
1731 2696 1826 2749 utrum
1845 2697 2033 2764 quamobrem.

383 2780 409 2823 ²⁵
489 2775 674 2831 Dositheus
695 2778 716 2831 I
732 2783 795 2844 410,
812 2780 863 2832 24:
881 2775 1027 2831 recusandi
1046 2776 1113 2847 [leae
1131 2776 1357 2848 percunctandi],
1377 2792 1463 2845 quare
1482 2771 1530 2830 6ιά
1549 2776 1590 2843 τί,
1609 2773 1676 2843 quid
1695 2774 1734 2841 τί,
1752 2773 1863 2842 quidita
1881 2777 1910 2829 cl
1927 2770 2028 2844 οὕτως,
2043 2774 2154 2853 curteio
2168 2779 2208 2849 el,
2221 2797 2306 2836 num-

419 2854 487 2924 quid
506 2851 544 2927 μή
564 2875 603 2924 τι,
623 2857 713 2912 cunita
731 2855 779 2912 διὰ
802 2859 843 2928 τί,
866 2857 913 2912 lua
936 2860 977 2926 τί,
998 2874 1099 2928 nempe
1123 2851 1200 2926 οὖχί,
1223 2859 1353 2912 utrumne
1371 2853 1492 2927 πότερον
1512 2851 1581 2926 ἄρα,
1601 2853 1700 2922 ecquid
1719 2844 1775 2921 ἄρα’
1795 2874 1835 2924 cs,
1854 2856 1992 2922 quomodo
2011 2857 2085 2924 πῶς,
2103 2859 2168 2912 eiua
2186 2856 2306 2931 τρόπον,

419 2934 504 2992 sicine
524 2929 614 2998 οὕτως
632 2931 702 3005 ἄρα,
722 2937 855 3007 quidnam
874 2940 903 2992 τί
919 2933 983 3006 ἄρα.

489 3017 646 3071 Donatus
664 3016 714 3071 IV
728 3023 792 3084 386,
811 3024 861 3072 11.·
878 3016 1080 3088 interrogandi,
1100 3020 1132 3073 ut
1150 3035 1198 3072 cur
1216 3033 1302 3087 quare
1321 3018 1512 3086 quamobrem.

489 3097 657 3168 [Probus]
675 3097 726 3150 IV
742 3102 803 3165 154,
824 3101 872 3153 12:
890 3095 1101 3167 interrogantis,
1120 3099 1153 3152 ut
1171 3114 1226 3151 our.

381 3181 410 3222 ³0
489 3175 654 3232 Sacerdos
677 3176 724 3231 VI
740 3182 802 3243 442,
820 3181 870 3232 20.·
889 3177 1094 3246 interrogcndi,
1112 3175 1185 3249 (ut)
1204 3193 1261 3232 cur.
1281 3199 1284 3204 ·

487 3255 730 3327 {Victorinus}
754 3257 800 3311 VI
813 3262 877 3323 201,
895 3262 946 3312 27.·
965 3257 1022 3312 alia
1039 3257 1254 3326 interrogantis,
1273 3259 1306 3312 ut
1324 3273 1372 3312 cur
1390 3256 1509 3327 quidita.

491 3335 698 3392 Priscianus
717 3337 778 3391 HI
790 3342 837 3404 82,
851 3342 900 3393 24:
920 3337 1032 3407 quando
1052 3339 1081 3391 et
1096 3335 1329 3406 interrogativum
1348 3340 1377 3394 et
1395 3337 1543 3393 relativum
1563 3339 1606 3393 est
1625 3339 1653 3393 et
1670 3336 1820 3392 infinitum.
1838 3341 1884 3406 88,
1899 3341 1951 3394 23:
1969 3339 2148 3394 inveniuntur
2166 3339 2306 3398 adverbia

417 3415 463 3470 vel
481 3414 511 3470 in
530 3431 586 3470 una
606 3415 807 3487 significatione
826 3417 930 3473 multus
949 3416 1084 3472 habentia
1101 3432 1184 3472 voces
1203 3417 1249 3471 vel
1267 3417 1296 3472 in
1315 3434 1372 3472 una
1384 3434 1452 3473 voce
1467 3417 1569 3473 multas
1583 3418 1717 3474 habentia
1731 3417 1960 3490 significationes,
1975 3422 2006 3474 ut
2019 3418 2068 3474 ubi
2081 3419 2137 3474 noi
2152 3420 2200 3474 nul
2215 3414 2302 3476 dnos.

419 3495 555 3552 Similiter
573 3514 629 3566 qno
648 3513 704 3566 que
722 3498 833 3567 qnando
854 3501 883 3552 et
902 3496 1011 3552 infinita
1029 3501 1093 3553 sunt
1111 3501 1140 3552 et
1157 3497 1359 3567 interrogativa
1377 3500 1405 3552 st
1423 3497 1547 3555 relativa

383 3651 409 3693 es
1340 3639 1378 3695 20

488 3729 681 3800 Dionysius
699 3734 763 3797 642,
782 3734 831 3785 13.·
852 3727 894 3784 Τὰ
913 3728 944 3785 δὲ
966 3725 1132 3799 ἐκστάσεως,
1152 3726 1212 3783 σίου
1231 3730 1294 3784 λίαν
1312 3725 1423 3800 σφόδρα
1442 3725 1519 3784 πάνυ
1538 3724 1613 3798 α”γαυ
1631 3724 1757 3799 μάλιστα.

489 3810 574 3865 Hanc
592 3812 703 3866 classem
720 3827 794 3865 unus
812 3815 919 3864 tantmn
938 3811 1119 3865 technicorum
1138 3811 1288 3864 latinorum
1305 3812 1392 3865 lsabet.

490 3891 697 3946 Priscianus
715 3890 779 3943 ΙΙΙ
795 3893 840 3956 87,
858 3893 909 3945 27.·
928 3889 1079 3959 intentive,
1098 3891 1130 3944 ut
1146 3890 1228 3946 valde
1247 3890 1364 3946 nimium
1383 3907 1496 3960 prorsus
1515 3890 1626 3960 penitus
1645 3888 1765 3945 omnino.

381 4130 408 4171 λυ
488 4120 683 4191 Dionysius
701 4123 764 4188 642,
784 4124 832 4174 14.·
853 4116 895 4174 Tol
915 4119 947 4175 δὲ
968 4117 1143 4189 συλλήψεως,
1163 4119 1223 4177 οἴου
1242 4116 1301 4191 ἅμα
1320 4118 1392 4193 ὁμοῦ
1411 4117 1523 4192 ἄμυδις.

488 4199 567 4255 Haec
585 4202 692 4267 classis,
711 4217 793 4269 quarn
811 4216 868 4255 non
885 4200 1008 4255 dlusmat
1026 4202 1233 4255 commentarius
1251 4200 1431 4258 Heliodoreus
1453 4219 1537 4272 neque
1556 4204 1680 4259 actitent
1702 4208 1848 4259 erotemata
1866 4202 2045 4273 Dionysiana
2063 4221 2147 4275 neque
2169 4209 2303 4276 exprimit

416 4279 566 4334 Armenius
586 4286 636 4335 cut
654 4280 756 4352 Syrus,
774 4297 808 4335 ne
826 4281 857 4334 in
876 4280 973 4334 latinis
995 4281 1102 4349 onmem
1125 4283 1265 4336 inuenitur
1287 4283 1427 4338 technicis.
1450 4301 1516 4339 mam
1539 4284 1722 4355 congregandi
1740 4284 1781 4338 vel
1800 4283 2020 4338 communicandi
2038 4287 2138 4354 macies
2155 4289 2302 4357 respondet

417 4356 576 4430 ἀθροίσεως
596 4361 683 4415 classi.

1303 4450 1352 4506 22.
1371 4451 1409 4507 23

380 4548 407 4589 45
487 4538 679 4609 Dionysius
698 4543 761 4606 642,
780 4541 828 4594 14.·
849 4534 892 4593 Τὰ
912 4537 943 4593 δὲ
963 4533 1145 4609 damascena,
1165 4538 1225 4594 olor
1244 4536 1291 4610 μυί
1331 4536 1373 4594 Tol
1393 4537 1424 4594 oh
1445 4535 1636 4610 αατωμοτιααί,
1654 4537 1716 4595 olor
1734 4536 1777 4609 νή.

488 4619 613 4674 durandi
637 4620 768 4675 adombia
790 4636 875 4689 meque
897 4620 929 4674 in
951 4622 1084 4690 cacerptis
1106 4636 1140 4675 ero
1158 4619 1359 4676 Palaemone
1376 4619 1524 4677 Romano
1544 4620 1741 4677 Oominiano
1759 4622 1930 4694 Anonymo
1949 4624 2133 4693 proferrentur
2155 4641 2241 4695 meque
2262 4627 2301 4683 ab

415 4697 580 4753 Dositheo
599 4706 649 4753 aut
666 4699 854 4755 Sacerdote.

487 4777 666 4834 Diomedes
684 4779 701 4832 1
719 4784 781 4845 404,
799 4783 849 4834 24.-
868 4779 1072 4848 iusiurandum,
1091 4781 1123 4834 ut
1141 4781 1314 4836 mehercules
1332 4781 1470 4837 mehercle
1490 4783 1680 4838 mediusfidius
1698 4786 1837 4838 mecastor
1855 4784 1964 4838 ecastor
1981 4783 2081 4853 perpol
2100 4783 2207 4854 edepol.

382 4898 385 4906 .
486 4858 645 4914 Donatus
663 4859 684 4912 Ι
687 4859 713 4914 V
729 4863 793 4925 380,
812 4864 860 4914 15.·
879 4860 1002 4927 iurandi,
1021 4862 1053 4914 ut
1071 4860 1171 4930 edepol
1191 4862 1299 4916 ecastor
1315 4861 1409 4917 hercle
1427 4860 1624 4918 mediusfidius.

379 4948 407 4989 cs
487 4937 658 5008 [Probus]
676 4939 728 4991 IV
745 4943 807 5005 154,
826 4944 877 4993 16:
898 4938 1027 5006 iurantis,
1045 4943 1078 4995 ut
1096 4939 1261 4997 mehercule.

487 5017 729 5089 [Victorinus]
750 5019 796 5072 VI
812 5023 877 5085 202,
895 5024 927 5073 2.·
946 5019 1003 5074 alia
1020 5019 1210 5086 iun'simendi,
1229 5024 1262 5076 ut
1280 5021 1379 5091 edepol
1398 5021 1587 5078 mediusfidius
1606 5027 1715 5080 ecastor
1732 5023 1832 5080 hercle.

487 5098 692 5154 Priscianus
702 5099 873 5166 ΙΙΙ85,22.·
891 5100 1020 5168 iuretiva,
1035 5101 1134 5171 edepol
1149 5103 1257 5156 ecastor
1267 5100 1467 5159 mediusfidius.
1483 5103 1563 5174 ‘per'
1581 5119 1691 5174 qnoque
1707 5100 1877 5174 praepositis
1889 5105 1984 5173 potest
1998 5102 2082 5159 etium
2097 5120 2148 5176 pro
2162 5104 2299 5163 adverbio

415 5176 505 5247 accipi
523 5178 642 5235 iurandi.
