5130 6240
1038 625 1086 681 DE
1105 625 1282 682 NOMINVM
1301 624 1498 683 sesclsssvs
2163 627 2206 693 35

402 787 481 843 Eas.
500 788 577 842 Bob.
596 786 616 840 1
633 791 697 854 535,
716 791 759 840 34.
794 784 937 852 Quaedam
962 786 1027 841 ficta
1051 790 1116 842 sunt
1138 804 1155 841 u
1178 786 1253 842 sonis
1277 787 1321 841 vel
1345 803 1363 842 ιι
1385 788 1512 856 vocibus,
1530 789 1563 841 ut
1582 785 1710 840 stridor
1728 787 1870 857 clangor
1888 786 2038 843 tinnitus
2057 789 2206 859 mugitus

331 868 485 923 ululatus
504 867 660 922 hinnitus
678 865 850 921 mussitas.

402 958 587 1014 Dositheus
611 956 753 1023 VII396,
772 960 814 1009 11.
849 954 992 1020 Qunedum
1015 955 1092 1011 facts
1113 970 1131 1008 a
1153 954 1227 1010 souis
1249 956 1294 1010 vel
1316 972 1334 1011 s
1357 955 1486 1025 vocibus,
1510 958 1542 1010 ut
1565 953 1693 1009 stridor
1715 954 1856 1027 clangor
1881 957 2027 1014 tinnitus
2050 957 2206 1014 hinnitus

330 1039 484 1093 ululatus
506 1035 665 1092 fremitus
688 1035 847 1105 mugitus.
889 1032 1085 1107 praesentiri
1113 1033 1145 1090 ei
1174 1034 1352 1105 πεποιημένα
1376 1033 1407 1091 ἐκ
1430 1036 1488 1091 τῶν
1509 1032 1587 1106 ἤχων
1609 1027 1627 1103 ἢ
1651 1029 1709 1089 άπὸ
1731 1035 1787 1089 τῶν
1811 1037 1929 1106 φανῶν,
1951 1032 2039 1100 sieri
2058 1035 2206 1108 τριομδς,

331 1113 476 1187 κραυγή,
500 1113 515 1173 ὁ
540 1109 620 1187 ἦχος
646 1116 705 1170 τοῦ
728 1117 868 1185 χαλκοῦ,
892 1111 1118 1187 χρεμετισμὸς
1141 1115 1264 1184 ἵππων,
1288 1110 1488 1186 ὀλολυγμάς,
1511 1111 1724 1187 βρυγηθμός,
1747 1114 1936 1188 μυκηθμός.
2228 1138 2241 1177 5

403 1207 559 1262 Donatus
577 1206 743 1279 [Probus]
762 1204 962 1261 Consentius
979 1205 1052 1260 hanc
1069 1206 1181 1273 speciem
1199 1205 1335 1259 mniitunt.

401 1296 576 1367 [Sergius]
594 1296 625 1349 in
643 1294 748 1350 Donat.
768 1293 818 1347 IV
834 1297 896 1360 536,
915 1298 961 1350 27.
994 1293 1060 1348 Alie
1077 1293 1154 1348 saeta
1172 1292 1345 1363 significant,
1364 1293 1397 1346 ut
1413 1291 1570 1346 hinnitus
1588 1292 1744 1363 mugitus.

404 1384 610 1440 Priscianus
623 1383 717 1450 1161,
731 1388 777 1439 26.
807 1381 961 1438 Fueticium
980 1385 1031 1451 est,
1050 1380 1126 1451 quod
1145 1398 1162 1436 a
1179 1379 1351 1451 proprietate
1370 1397 1499 1437 sonorum
1518 1398 1569 1451 per
1585 1381 1771 1437 imitationem
1790 1381 1896 1438 factum
1915 1387 1970 1453 est,
1989 1387 2021 1440 ut
2039 1384 2206 1440 tintinnu-

329 1465 445 1519 bulum
463 1467 584 1519 turtur.

1053 1657 1110 1724 19.
1131 1658 1178 1723 20
1200 1655 1342 1724 Γενικόν
1362 1653 1484 1724 Ἰδικόυ
2217 1687 2242 1726 ιο

400 1784 590 1854 Dionysius
604 1787 666 1850 637
680 1783 768 1839 20B.
785 1785 829 1848 43,
843 1787 858 1835 1
880 1780 911 1835 V
951 1774 1118 1835 Perrnirdi
1137 1749 1242 1836 ἐδτι
1214 1799 1246 1834 το
1265 1776 1426 1849 δυνάμενον
1445 1777 1486 1843 εἰς
1503 1777 1591 1835 πολλὰ
1611 1783 1673 1851 εἴδη
1692 1784 1888 1854 διαιρεθῆναι,
1908 1782 1969 1840 οἷον
1993 1787 2078 1858 ζφου
2097 1783 2206 1855 φυτόν

331 1863 433 1935 [Syrus
449 1880 506 1918 non
524 1861 685 1932 δυνάμενον
704 1862 900 1931 διαιρεθῆναι,
922 1862 969 1916 sed
986 1856 1187 1932 διαιρούμενον
1204 1862 1409 1929 interpretatur.
1443 1858 1594 1916 Onerum
1583 1880 1615 1916 rn
1632 1865 1762 1933 eaenrph‘s
1778 1881 1883 1935 quoque
1900 1865 1989 1936 Syrus
2011 1873 2036 1921 et
2058 1869 2207 1924 Armenius

329 1959 389 1998 cum
407 1945 512 2012 praecis
530 1943 617 1997 serbis
635 1943 850 2011 concinuntl.-
818 1936 986 1996 -Etdcuir
1005 1938 1038 1995 δέ
1053 1936 1153 1995 ἔστι
1125 1961 1156 1995 το
1173 1935 1205 1995 ἐκ
1219 1940 1269 1994 τοῦ
1285 1938 1385 2008 γένους
1399 1939 1561 2009 διαερεθέν,
1576 1939 1637 1997 οἷον
1651 1942 1816 2014 βοῦςΐππος
1833 1940 1957 2011 ἄμπελος
1976 1941 2057 2000 ἐλαία
2077 1944 2206 2016 [sibenin

329 2025 401 2094 guod
424 2023 579 2095 Dionysius
601 2022 677 2076 haud
699 2022 781 2077 dubie
803 2022 927 2091 scripsit,
954 2021 1097 2076 dderiores
1118 2025 1226 2075 tantum
1249 2021 1352 2075 cadica
1371 2021 1503 2089 praebent
1524 2020 1623 2088 BTA,·
1649 2024 1823 2078 uetustissimi
1845 2020 1952 2092 ἰδινδν,
1979 2026 2099 2095 idanpue
2121 2027 2206 2081 inter-

324 2109 473 2174 pretantur
496 2102 645 2157 Armenius
668 2106 692 2154 et
715 2101 746 2155 S
737 2119 811 2171 prus
848 2103 918 2157 aiter
942 2103 1025 2157 codex
1048 2102 1281 2169 interpretationis
1303 2101 1395 2170 syriae
1417 2102 1566 2171 canapium
1590 2104 1674 2158 teonis
1696 2105 1792 2158 inserit
1815 2106 1893 2159 tertio
1916 2106 1981 2160 loco.
1999 2111 2114 2161 cetaum
2131 2114 2157 2163 et
2174 2109 2242 2162 inis

328 2185 485 2251 definitione
502 2183 556 2236 et
545 2199 576 2236 sn
595 2181 723 2250 exemptis
741 2181 771 2236 S
762 2199 829 2252 stus
847 2184 1047 2254 Anneniuspue
1064 2199 1125 2237 mem
1143 2181 1277 2252 Dionysii
1295 2182 1433 2238 codicibus
1451 2184 1642 2254 consentiunt]

400 2270 574 2327 Diomedes
591 2270 642 2324 has
659 2272 759 2338 species
778 2272 886 2330 omittit.

401 2360 578 2415 Charisius
595 2358 695 2426 1155,
714 2363 759 2414 24.
799 2360 943 2425 Quaedam
966 2361 1108 2430 generalis
1131 2363 1197 2416 suut
1219 2360 1320 2430 quibus
1342 2358 1434 2414 multu
1456 2360 1634 2415 eontinentur
1657 2359 1819 2429 dissimilis,
1842 2365 1874 2416 ut
1896 2362 2022 2417 animal
2047 2364 2152 2419 arbor
2172 2381 2206 2420 ex

327 2437 699 2509 hisnsscunturspeeislis‚
719 2455 790 2508 quse
808 2444 904 2495 tumen
922 2439 1185 2511 insuntorigiuibus
1200 2440 1460 2511 suiegenerslibus,
1479 2440 1558 2494 velut
1574 2440 1672 2497 homo
1699 2458 1803 2511 equus
1825 2443 1943 2495 taurus
1967 2443 2084 2497 laurus
2106 2444 2206 2513 pinus

327 2520 488 2575 fraxinus.
2215 2540 2242 2579 ro

398 2608 475 2665 Eas.
494 2607 572 2664 Bob.
591 2607 692 2676 1535,
711 2613 795 2663 31=
811 2607 930 2677 Charis,
953 2609 1010 2664 nisi
1027 2609 1129 2679 quod
1116 2626 1149 2664 en
1166 2608 1237 2667 Eae
1257 2611 1384 2665 ultimum
1402 2610 1551 2679 exemplum
1567 2610 1648 2665 deest

397 2698 579 2754 Dositheus
603 2697 667 2750 VII
683 2702 746 2767 396,
764 2701 830 2751 8-
851 2651 974 2764 Charis„
992 2697 1049 2752 nisi
1067 2699 1139 2767 quod
1152 2699 1219 2755 Dos
1239 2700 1313 2754 dixit
1327 2742 1333 2754 .
1349 2742 1355 2754 .
1372 2741 1378 2753 .
1394 2744 1400 2756 .
1416 2697 1559 2769 specialis,
1578 2715 1651 2768 quse
1665 2697 1829 2753 dividuntur
1842 2702 1872 2754 et
1885 2699 2047 2754 minuuntur
2059 2698 2138 2774 (ab)
2151 2702 2205 2756 ori·

326 2778 438 2850 ginibus
458 2778 514 2834 suis
532 2776 723 2847 generalibus,
744 2819 862 2834 ......
881 2779 978 2833 etenim
996 2777 1032 2832 sb
1050 2777 1138 2833 inrito
1156 2780 1246 2835 codice
1263 2780 1436 2835 iruerendum
1458 2794 1513 2834 csse
1530 2784 1609 2849 patet
1626 2781 1708 2834 etiam
1725 2796 1759 2834 ea
1776 2781 1999 2849 interpretatione
2011 2796 2123 2851 pasca:
2141 2777 2204 2836 τινὰ

327 2859 358 2915 δὲ
380 2878 479 2929 persua
471 2854 632 2928 ἒ’στιν,ἷ
603 2877 645 2920 ος
663 2854 751 2913 πολλὰ
770 2857 931 2927 περιέχεται
949 2853 1117 2928 άνδμοια,
1099 2879 1136 2922 ως
1154 2856 1186 2914 τὸ
1207 2862 1291 2933 ζῷον
1311 2860 1466 2928 δένδρον.
1491 2854 1689 2914 dacomarii
1707 2860 1842 2928 γεννᾶται
1860 2853 1967 2927 immi
1986 2861 2138 2929 διαιρεῖται
2157 2860 2205 2915 καὶ

327 2932 530 2994 λεπτύνεται
512 2934 570 2993 απὸ
589 2939 638 3007 τῆς
656 2933 767 3001 ἰδίας’
749 2939 838 3008 αρχῆς
856 2939 906 3007 τῆς
923 2938 1037 3008 γενικῆς
1056 2933 1094 3001 ὥς
1116 2935 1147 2993 τὸ
1171 2935 1355 3009 ἄνθρωπος
1378 2940 1480 3002 ἵππος
1502 2939 1627 3007 ταῦρος
1646 2935 1760 3009 δάφνη
1779 2941 1879 3002 πίτυς
1902 2933 1991 3005 itia.
2213 2954 2240 2995 rt

397 3027 555 3083 Donatus
573 3026 623 3080 IV
639 3030 701 3092 374
721 3032 763 3081 11.
806 3026 877 3080 Sunt
898 3027 956 3081 ulia
977 3028 1133 3098 generalis,
1158 3032 1190 3084 ut
1212 3046 1334 3099 corpus
1357 3028 1497 3096 animal,
1522 3028 1579 3082 elie
1601 3027 1747 3098 specialis,
1770 3030 1802 3082 nt
1825 3027 1916 3098 lupis
1938 3030 2037 3085 homo
2065 3029 2223 3099 lignum·

396 3117 599 3188 [Serpius]
587 3133 619 3170 m
637 3117 709 3172 Dan.
731 3116 781 3168 IV
798 3120 861 3182 536,
879 3120 926 3172 28.
959 3117 1025 3171 Alis
1043 3118 1198 3188 generalis,
1216 3122 1249 3174 ut
1267 3135 1388 3188 eorpus
1407 3117 1547 3184 animal,
1565 3117 1623 3172 slis
1642 3117 1788 3186 specialis,
1808 3119 1841 3171 ut
1858 3118 1956 3173 homo
1974 3117 2070 3188 lupis.

397 3204 558 3276 {Probus}
575 3204 625 3258 IV
641 3210 704 3270 119,
726 3210 773 3261 27.
812 3205 883 3260 Sunt
910 3207 1024 3261 nemius
1046 3207 1200 3275 generalia,
1223 3210 1256 3262 ut
1278 3209 1348 3277 puta
1370 3207 1467 3262 homo
1490 3207 1564 3261 avis
1593 3206 1693 3261 arbor
1716 3209 1745 3261 et
1768 3208 1861 3264 cetere
1883 3208 1960 3262 tulis
2002 3209 2068 3261 sunt
2091 3207 2205 3263 nemina

326 3285 475 3357 specialis,
494 3288 526 3340 ut
543 3286 613 3355 puts
631 3284 714 3340 Cato
733 3286 889 3341 columba
906 3285 1007 3356 pinus
1026 3289 1056 3342 et
1073 3289 1166 3342 cetera
1183 3287 1261 3343 ulia.

398 3374 598 3431 Consentius
620 3373 646 3426 V
662 3378 725 3439 341,
742 3379 789 3430 23.
822 3374 896 3428 illud
918 3391 984 3430 sune
1007 3376 1078 3430 scire
1101 3376 1247 3446 debemus,
1271 3392 1305 3431 ne
1328 3392 1379 3431 nos
1398 3391 1433 3431 eu
1450 3392 1493 3430 res
1513 3375 1584 3430 torte
1604 3374 1768 3444 contundat,
1787 3376 1863 3446 quad
1880 3377 2007 3448 plerique
2025 3376 2239 3448 gnmmsticiss

325 3455 384 3510 eius
407 3454 483 3510 modi
507 3452 671 3509 divisionem
694 3453 831 3522 fecerunt,
857 3457 889 3510 ut
912 3457 969 3511 ulis
993 3455 1136 3528 generalis
1158 3456 1273 3511 uomina
1296 3455 1434 3525 dicerent,
1457 3458 1490 3510 ut
1513 3471 1637 3525 corpus
1661 3454 1801 3525 snimsl,
1823 3457 1881 3512 slis
1900 3457 2045 3527 specialia,
2064 3461 2096 3512 ut
2114 3458 2203 3528 lupis

324 3537 435 3604 homo,
453 3534 510 3590 ulia
528 3533 655 3604 propris,
674 3536 707 3587 ut
725 3532 852 3591 Cicero.
873 3538 903 3591 et
924 3535 993 3591 licet
1017 3536 1092 3606 apud
1111 3535 1293 3606 philosophos
1316 3534 1357 3591 its
1375 3553 1405 3591 ss
1423 3552 1467 3591 res
1486 3535 1602 3602 habeat,
1626 3538 1658 3589 ut
1675 3534 1753 3590 uliud
1771 3553 1873 3606 genus,
1891 3535 1969 3592 uliud
1987 3537 2106 3608 species,
2125 3535 2204 3593 uliud

324 3614 467 3686 proprium
491 3613 541 3682 sit,
566 3614 641 3683 quod
666 3612 842 3669 individuum
866 3617 1023 3688 appellent3
1052 3619 1147 3672 tamen
1170 3615 1416 3686 grammaticorum
1442 3615 1520 3669 recte
1547 3614 1603 3670 iste
1628 3613 1729 3672 divisio
1753 3619 1809 3683 est,
1832 3618 1865 3670 ut
1887 3616 2001 3672 nomine
2023 3633 2203 3686 quaecunque

324 3694 436 3766 propris
454 3712 510 3750 non
528 3700 592 3750 sunt
609 3693 765 3764 generalis,
783 3694 814 3749 id
833 3697 878 3751 est
895 3696 1080 3767 appellativa,
1098 3696 1235 3751 dicuntur.

396 3784 597 3840 Priscianus
612 3784 709 3850 1161,
723 3788 769 3839 28.
797 3785 933 3840 Genersle
952 3789 1007 3852 est,
1026 3785 1101 3853 quod
1119 3784 1148 3839 in
1167 3784 1290 3839 diversus
1310 3784 1417 3854 species
1434 3785 1528 3854 potest
1546 3782 1646 3852 dividi,
1665 3786 1698 3839 ut
1714 3782 1842 3838 enimsi
1861 3785 1968 3840 arbor.
2004 3784 2131 3855 Speeisle
2150 3788 2239 3853 estu

325 3865 400 3933 quod
419 3882 436 3920 s
455 3882 556 3935 genere
575 3864 721 3932 dividitur,
741 3865 773 3919 ut
790 3866 890 3920 homo
910 3881 1014 3934 equus
1034 3865 1116 3921 vitis
1135 3866 1260 3920 laurus.

1142 4107 1186 4172 21
1215 4103 1377 4173 Τανιτικόν

394 4228 585 4300 Dionysius
604 4234 666 4295 637,
686 4234 725 4285 23
743 4230 778 4284 Β.
802 4232 880 4295 44,2
899 4228 930 4284 V.
965 4225 1106 4285 Τακτικὸν
1125 4228 1157 4284 δέ
1178 4224 1236 4283 ἐστι
1254 4225 1285 4284 τὸ
1304 4223 1385 4293 τάξιν
1408 4227 1514 4297 δηλοῦν
1538 4223 1599 4282 οἷον
1622 4228 1752 4296 πρῶτος
1775 4224 1939 4295 δεύτερος
1962 4229 2074 4297 τρίτος
2099 4229 2202 4300 [cudens

323 4310 446 4377 exempla
464 4309 540 4378 apud
558 4310 721 4364 Armenium
739 4317 763 4366 et
781 4309 898 4382 Syrum5
916 4315 1061 4365 erotemata
1079 4310 1232 4363 recentiora
1249 4310 1378 4363 omittunt
1395 4306 1507 4378 τρίτος].

394 4397 537 4453 Diomedes
556 4398 577 4450 1
595 4400 662 4466 322,
682 4402 724 4452 16.
758 4397 823 4453 Alis
841 4398 966 4453 ordinem
986 4398 1049 4469 [scri
1067 4397 1251 4469 significant],
1270 4400 1303 4451 ut
1319 4396 1447 4467 primus
1466 4396 1647 4464 secundus,
1667 4397 1715 4452 sed
1734 4397 1838 4468 primm
1857 4397 1891 4451 de
1910 4397 2017 4465 multis,
2040 4397 2075 4452 de
2094 4396 2238 4452 duobuseo

322 4477 400 4545 prior
419 4476 534 4544 dieitur,
552 4477 626 4532 sicut
644 4477 678 4531 de
697 4477 806 4532 duobus
824 4477 945 4535 alterum
964 4478 1094 4546 dicimus,
1113 4478 1148 4533 de
1166 4478 1263 4533 multis
1282 4476 1376 4532 ulium.

395 4566 573 4621 Charisius
590 4566 611 4619 I
628 4570 689 4632 154,
707 4570 756 4621 22.
788 4566 854 4621 Alis
872 4568 1010 4636 ordinem,
1029 4570 1062 4622 ut
1079 4567 1208 4637 primus
1226 4565 1400 4621 secundus.

393 4654 472 4710 Eae.
491 4656 570 4711 Bob.
590 4654 611 4708 I
626 4660 689 4722 535,
710 4659 747 4710 12
762 4681 795 4702 =·
812 4655 966 4712 Charisius.

395 4744 575 4799 Dositheus
599 4744 665 4798 VII
680 4747 743 4811 394,
764 4751 800 4800 12
816 4770 849 4791 =·
865 4744 1020 4801 Charisius.
1037 4761 1143 4815 praece:
1162 4740 1233 4799 ius
1250 4740 1345 4811 τάξιν,
1364 4739 1401 4807 ὡς
1419 4741 1452 4797 τὸ
1471 4743 1603 4812 πρῶτος
1621 4739 1791 4813 δεύτερος.

393 4831 551 4887 Donatus
570 4832 621 4886 IV
639 4838 700 4902 374,
719 4838 785 4889 6-
799 4834 959 4900 Diomedes,
977 4836 1035 4890 nisi
1052 4835 1124 4905 quod
1141 4834 1216 4890 Don.
1235 4832 1292 4888 slis
1310 4831 1415 4888 ordinis
1434 4834 1510 4887 dicit.

391 4920 566 4992 [Sergius]
584 4923 616 4976 in
635 4923 777 4977 Donatum
796 4922 849 4976 IV
865 4925 926 4990 536,
945 4927 984 4977 21
1000 4947 1033 4968 ι-
1049 4922 1204 4977 Charisius.

392 5010 554 5082 [Probus]
571 5013 642 5067 hanc
660 5013 772 5082 speciem
790 5013 897 5067 omittit.

395 5096 594 5155 Consentius
617 5099 643 5153 V
660 5104 722 5167 346,
741 5104 759 5154 3
774 5126 807 5147 ι·
822 5101 959 5156 Donatus.

393 5187 597 5243 Priscianus
615 5188 657 5242 II
672 5193 720 5257 62,
738 5192 763 5244 3.
798 5188 931 5245 Ordinsle
950 5190 1007 5253 est,
1026 5189 1101 5258 quod
1121 5188 1244 5243 ordinem
1264 5187 1414 5259 signifieat,
1433 5192 1465 5242 ut
1483 5188 1611 5258 primus
1630 5186 1795 5244 secundus
1814 5186 1948 5242 tertius.

1878 5277 1914 5329 52
