5130 6240
1317 609 1514 654 ...x—

485 754 626 838 priorem
652 753 738 818 1832
761 751 884 816 Titzius
912 749 1012 817 edidit
1039 753 1073 816 in
1096 751 1258 816 Massalia
1280 751 1474 833 Moschopuli
1497 749 1648 818 Oretersia
1674 753 1828 835 οβιιιιιιλλς
1842 754 2068 835 prarmmtics‘s,
2098 752 2214 818 deinde
2237 756 2347 822 multis

485 858 566 925 locis
593 859 797 924 emendatam
825 862 858 923 et
887 857 1037 941 perdocte
1066 857 1257 923 adnotatam
1288 858 1350 923 hoc
1380 859 1477 922 titulo
1504 861 1647 943 praefixo
1674 859 1836 942 Asmrpmi
1860 860 2081 942 praenestae
2102 861 2234 942 φίλοινον
2255 863 2350 928 Later

479 968 573 1050 prior
594 971 671 1030 ante
693 964 754 1029 hos
778 968 932 1049 quattuor
955 984 1057 1028 annos
1080 963 1150 1048 ipse
1173 964 1373 1049 Egenolffns,
1394 966 1608 1048 posteriorem
1630 971 1757 1051 partem
1780 989 1853 1032 cnm
1877 967 1984 1051 priore
2007 967 2210 1032 coniunctam
2232 970 2348 1054 vulga-

486 1078 579 1138 turns
603 1072 637 1136 in
660 1072 823 1137 volumine
847 1070 1002 1136 anecdota
1025 1070 1116 1135 varia
1138 1070 1379 1154 complectente.

645 1177 704 1242 Vsi
733 1182 809 1273 sunt
838 1177 1092 1243 correctionibus
1114 1175 1357 1264 Moschopuli*)
1386 1199 1458 1242 cum
1487 1179 1557 1244 alii.
1571 1183 1640 1244 tum
1662 1178 1694 1244 N
1699 1180 1778 1244 ilus
1802 1177 1885 1245 Chio
1910 1181 2075 1264 oriundus,
2105 1186 2182 1266 post
2202 1182 2345 1248 medium

486 1285 651 1350 saeculum
666 1283 745 1349 XIV
759 1283 866 1349 Rhodi
889 1284 1108 1368 metropolita,
1131 1285 1305 1348 acerrimus
1319 1282 1471 1349 Palamae
1494 1290 1645 1369 sectator,
1667 1284 1832 1351 Barlaami
1851 1291 1883 1350 et
1897 1287 2060 1371 Acindyni
2080 1288 2344 1375 adversarius**),

485 1392 577 1458 cuius
600 1391 801 1457 enchiridion
825 1390 1073 1476 grammaticum
1096 1390 1293 1456 rhetoricum
1316 1392 1459 1476 logicum
1478 1396 1606 1456 exstare
1620 1390 1838 1457 Vratislaviae
1860 1393 1894 1456 in
1917 1393 2001 1457 libro
2025 1416 2124 1458 manu
2146 1396 2268 1479 scripto
2290 1396 2346 1480 by·

484 1497 669 1565 bliothecae
692 1496 956 1582 Magdalenensis
980 1497 1032 1561 Fr.
1051 1496 1225 1561 Passovius
1248 1498 1403 1563 indicavit
1425 1499 1460 1563 in
1483 1502 1726 1584 programmate
1748 1499 1888 1564 unirers.
1923 1498 2192 1566 Vratislaviensis
2219 1502 2345 1585 laerta.

485 1627 524 1670 ex
547 1627 612 1689 qua
639 1605 873 1671 dissertatione·
894 1626 967 1669 cum
990 1603 1221 1668 intellexissem
1249 1604 1294 1669 ibi
1318 1626 1445 1690 quoque
1469 1609 1647 1670 erotemata
1669 1603 1872 1689 Dionysiana
1894 1609 1927 1670 et
1949 1605 2176 1671 Theodosiana
2198 1608 2347 1691 inveniri,

484 1713 584 1797 patiri
612 1734 632 1776 a
658 1711 823 1796 praefecto
849 1709 938 1774 illius
967 1708 1205 1794 bybliothecae,
1239 1713 1277 1774 ut
1308 1710 1450 1776 codicem
1479 1711 1543 1777 huc
1569 1712 1816 1776 transmitteret
1851 1733 1911 1777 nec
1938 1712 2001 1777 tuli
2028 1714 2201 1797 repulsam.
2242 1735 2346 1799 neque

483 1817 676 1903 Egenolffns
699 1818 859 1882 dubItarit
883 1838 921 1881 ex
944 1817 1007 1882 hoc
1030 1838 1158 1902 qnoque
1182 1816 1267 1881 libro
1291 1819 1520 1901 grammaticas
1544 1817 1672 1901 quidem
1694 1819 1970 1904 interrogationes
1994 1819 2174 1884 exscribere
2192 1821 2347 1906 integras.

484 1925 673 1991 chartaceus
697 1928 760 2009 est,
784 1925 912 1989 saeculo
930 1922 991 1988 XV
1012 1924 1165 2008 scriptus,
1188 1927 1343 1989 constans
1365 1923 1453 1989 foliis
1474 1925 1538 1989 142
1561 1928 1595 1989 et
1617 1945 1681 1988 nno
1704 1926 1883 1990 recentiore
1906 1926 2022 1990 ceteris
2046 1927 2196 2010 praefixo.
2238 1926 2277 1991 de
2291 1927 2346 2010 eis,

484 2054 568 2117 quae
590 2031 702 2116 primis
727 2031 934 2096 continentur
956 2029 1043 2094 foliis
1068 2034 1102 2095 et
1124 2052 1206 2114 qnae
1230 2034 1306 2113 post
1325 2032 1504 2094 erotemata
1520 2028 1725 2113 Dionysiana
1743 2030 2031 2117 Theodosianaque
2056 2037 2244 2117 sequuntur,
2266 2033 2344 2098 alibi

485 2143 542 2204 aut
564 2159 625 2223 ego
648 2139 753 2202 dicam
776 2141 833 2202 sut
854 2136 1055 2221 Egenolffus.
1100 2135 1139 2200 In
1161 2135 1208 2203 fol
1231 2138 1265 2201 4¹
1293 2137 1413 2221 legitur
1435 2140 1550 2202 νείλον
1571 2128 1715 2222 β’ροτιολῖ
1738 2132 1845 2220 ῥόδου
1867 2134 1971 2214 πόνος
1993 2133 2014 2221 ἡ
2037 2141 2153 2222 βίβλος
2176 2134 2260 2223 αὕτη
2283 2143 2344 2222 ἔνι,

483 2245 602 2328 quibus
630 2244 833 2309 subiciuntur
856 2245 989 2326 βιβλίον
1011 2244 1069 2326 τῆς
1096 2244 1337 2327 reapparente:
1365 2241 1440 2328 περὶ
1466 2245 1656 2327 eporedias
1682 2240 1738 2307 uod
1760 2240 1861 2309 πόσαι
1888 2245 2083 2327 τροσωδίιτι.
2129 2250 2272 2329 γίνωσκε
2293 2243 2345 2312 ὅτι

482 2350 670 2434 eporedias
693 2347 758 2414 εἰσὶ
781 2348 861 2414 δέκα
883 2354 950 2414 κτλ.
980 2351 1046 2414 iam
1069 2350 1284 2415 catechismus
1308 2350 1538 2436 grammaticus
1561 2350 1702 2434 pertinet
1725 2349 1766 2414 ab
1789 2349 1837 2414 iol
1855 2352 1889 2414 4¹
1907 2351 1947 2415 ad
1966 2353 2002 2416 6*
2025 2334 2067 2416 et.
2081 2352 2121 2417 ab
2149 2354 2201 2418 15¹
2219 2353 2260 2417 ad
2278 2354 2345 2439 41¹3

483 2457 569 2522 inter
591 2456 648 2520 fol.
672 2457 692 2521 6
716 2461 748 2520 ct
775 2457 816 2521 15
839 2460 948 2521 autem
971 2458 1141 2541 quaternio
1166 2479 1186 2521 a
1208 2456 1396 2541 bibliopego
1419 2457 1560 2521 insertus
1584 2460 1646 2538 est,
1673 2455 1765 2520 cuins
1788 2456 1912 2540 primae
1936 2479 1992 2522 sex
2014 2459 2153 2543 paginae
2176 2464 2210 2524 et
2232 2464 2346 2526 octava

482 2584 602 2628 vacuae
624 2563 756 2628 relictae
780 2566 869 2648 sunt,
896 2564 1035 2647 septima
1057 2563 1212 2629 flexiones
1234 2560 1346 2628 τύπτω
1368 2563 1460 2628 verbi
1483 2562 1525 2626 ab
1548 2562 1727 2627 recentiore
1748 2584 1847 2626 manu
1869 2564 2066 2647 perscriptas
2090 2565 2235 2650 exhibet,
2257 2589 2346 2633 nona

481 2673 515 2734 et
546 2669 670 2735 decima
702 2671 885 2754 argumenti
917 2671 1019 2735 totins
1051 2669 1220 2736 enchiridii
1243 2670 1382 2734 indicem
1405 2669 1584 2754 praemisso
1611 2668 1689 2733 libri
1714 2669 1859 2734 nomine:
1890 2665 1928 2734 τὸ
1957 2666 2067 2754 παρὸν
2094 2673 2227 2753 βιβλίον
2255 2670 2345 2757 πηγὴ

481 2772 636 2862 γνώσεως
659 2771 865 2860 ὀνομάζεται,
889 2778 942 2861 qui
965 2776 1061 2842 index
1085 2779 1156 2862 ipse
1173 2800 1302 2862 quoqne
1317 2777 1372 2842 alii
1385 2775 1496 2840 manui
1510 2797 1612 2860 neque
1627 2797 1703 2840 vero
1717 2775 1890 2840 recentiori
1903 2776 2093 2841 tribuendus
2112 2783 2172 2843 est.
2208 2779 2345 2864 denique

483 2884 564 2949 haec
586 2905 716 2966 manus,
743 2904 826 2969 quae
848 2882 988 2948 indicem
1010 2884 1170 2968 exaravit,
1196 2885 1300 2951 insol
1326 2885 1484 2948 lan-14*
1506 2882 1618 2946 eadem
1642 2883 1783 2967 scripsit,
1812 2904 1894 2967 qnae
1922 2883 1957 2946 in
1979 2883 2026 2947 iol
2049 2884 2165 2949 41-6'
2182 2885 2345 2971 legrntur.

481 2989 551 3055 Iam
575 2991 631 3075 qni
654 2990 741 3055 hune
763 2989 994 3055 catechismum
1017 2991 1192 3057 contulerit
1214 3014 1287 3057 cnm
1311 2989 1566 3074 Guelferbytano
1590 2995 1624 3056 et
1636 2989 1871 3075 Moschopulio,
1893 2991 1988 3056 modo
2012 3012 2085 3055 cum
2109 2991 2344 3076 antiquioribus

483 3098 672 3163 erotematis
700 3118 773 3161 enm
801 3097 969 3162 concinere
992 3101 1167 3184 cognoscet
1189 3101 1303 3163 contra
1326 3096 1560 3181 Moschopulia,
1587 3095 1683 3162 modo
1708 3118 1781 3161 cnm
1804 3095 2040 3181 Moschopuliis
2063 3102 2176 3164 contra
2200 3096 2345 3162 Guelfer-

481 3205 614 3289 bytana.
651 3204 740 3268 onius
763 3205 1001 3269 inconstantiae
1024 3227 1122 3270 causa
1145 3205 1220 3269 inde
1243 3203 1416 3288 repetenda
1439 3207 1502 3286 est,
1525 3203 1610 3287 quod
1634 3201 1730 3267 Nilus
1754 3203 1971 3288 antiquiorem
1993 3204 2181 3269 catechismi
2203 3203 2343 3269 formam

482 3314 516 3376 et
543 3315 722 3376 correctam
750 3312 841 3396 quasi
869 3311 1111 3376 contaminant.
1156 3332 1207 3375 res
1235 3311 1347 3395 paucis
1375 3311 1455 3375 locis
1478 3309 1615 3393 prolatis
1639 3311 1817 3395 apparebit
1863 3309 1998 3392 Recepit
2021 3310 2230 3393 metropolita
2258 3309 2344 3394 quod

481 3418 662 3485 vetustiora
690 3421 869 3483 erotemata
897 3418 927 3482 ei
953 3416 1153 3501 praebebant
1175 3439 1201 3483 e.
1225 3438 1257 3503 g.
1279 3418 1314 3481 in
1336 3415 1517 3481 definiendo
1538 3416 1669 3480 nomine
1692 3416 1823 3501 proprio
1846 3414 1995 3502 (Dionys.
2019 3416 2096 3497 636,
2122 3414 2192 3501 16):
2220 3412 2258 3481 τὸ
2282 3411 2344 3500 τὴν

483 3524 575 3588 ἰδίαν
602 3519 723 3590 οὐσίαν
746 3534 927 3607 σημαῖνον,
957 3545 1017 3609 pro
1047 3523 1164 3608 quibus
1186 3521 1420 3607 Moschopulns
1444 3522 1657 3586 substituerat
1678 3516 1716 3586 τὸ
1740 3518 1793 3585 ἐπὶ
1816 3515 1950 3605 ἀτόμων
1973 3518 2165 3605 λεγόμενον.
2211 3523 2345 3587 retinnit

482 3631 611 3714 δηλοῦν
639 3632 777 3696 ἔπαινον
804 3624 825 3714 ἢ
853 3626 963 3714 ψόγον
991 3630 1090 3696 verba
1116 3631 1151 3694 in
1179 3628 1388 3695 describendo
1421 3629 1581 3713 epItheto,
1608 3651 1690 3714 qnae
1720 3628 1950 3713 Moschopnlns
1979 3629 2257 3693 exterminaverat
2301 3650 2343 3693 ne

481 3739 661 3822 inspexisse
684 3738 812 3822 quidem
835 3741 1016 3803 erotemata
1039 3740 1184 3804 correcta
1206 3758 1280 3802 enm
1302 3740 1392 3820 patet
1414 3737 1449 3800 in
1471 3736 1652 3801 definiendo
1674 3736 1804 3800 nomine
1828 3736 2026 3820 possessivo,
2053 3734 2139 3819 qnod
2162 3735 2343 3819 Dionysius

483 3845 530 3909 sic
556 3844 793 3909 circumscribit
820 3843 899 3927 635,
926 3844 960 3910 3:
987 3840 1141 3928 xrqrsxdv
1171 3842 1211 3909 δέ
1236 3837 1369 3909 ἔστιτὸ
1397 3837 1464 3907 ὑπὸ
1490 3838 1553 3926 τὴν
1580 3843 1698 3925 κτῆσιν
1725 3839 1908 3924 πεπτωκός,
1939 3839 2255 3925 ἐμιτεοιειλημμενου
2282 3843 2344 3907 τοῦ

641 4073 667 4142 ⁸)
685 4072 721 4128 de
735 4075 828 4128 aetate
847 4071 1012 4128 correctoris
1030 4072 1085 4127 scis
1102 4072 1174 4128 alios
1187 4073 1271 4127 aliter
1283 4071 1431 4128 indicasse.
1457 4074 1575 4127 exeunte
1589 4070 1654 4125 XIV
1668 4073 1778 4128 saeculo
1797 4088 1861 4127 eum
1875 4069 1961 4125 fnisse
1975 4069 2060 4140 vulgo
2075 4070 2263 4139 opinabantur
2276 4072 2343 4124 aute

482 4161 613 4230 Vinium,
632 4161 700 4233 quin
718 4162 804 4216 etiam
822 4161 874 4215 XV
892 4161 1006 4217 saeculo
1023 4161 1123 4216 tribuit
1139 4160 1312 4216 Melanthea
1348 4161 1454 4217 I'itains
1472 4162 1530 4217 iarn
1543 4160 1609 4215 IIIII
1628 4161 1740 4217 saeculo
1758 4159 1884 4214 floruisse
1903 4158 2063 4214 technicnm
2082 4158 2276 4214 demonstrare
2294 4175 2339 4212 co

481 4252 565 4305 natus
582 4252 627 4305 est
643 4250 674 4304 In
692 4249 821 4306 Distriba
839 4250 979 4305 litteraria
995 4249 1173 4321 Moschopnli
1190 4250 1332 4320 opusculis
1346 4251 1508 4321 praemissa
1542 4250 1620 4304 cuins
1634 4247 1806 4319 argumentis
1820 4245 1990 4301 Ritschelins
2004 4245 2194 4301 firmissimum
2208 4246 2342 4301 accedere

482 4337 594 4409 pntavIt
611 4356 645 4393 ex
658 4341 752 4395 aetate
765 4339 871 4405 cedias
885 4338 1008 4395 Gudiani
1023 4345 1082 4407 112,
1101 4355 1157 4408 quo
1170 4341 1266 4393 tamen
1279 4339 1353 4394 libro
1365 4356 1424 4395 non
1437 4337 1638 4408 διορθοθέντα
1652 4333 1827 4407 ἐρωτήματα,
1847 4336 1896 4390 sed
1909 4335 2096 4404 antiquiorem
2110 4352 2209 4390 eornm
2223 4335 2342 4390 formam

482 4426 608 4482 exhiberi
628 4428 827 4485 intelleximus.
864 4428 913 4484 sed
937 4428 1009 4484 ahos
1031 4427 1120 4483 codex
1137 4429 1191 4483 hoc
1210 4429 1286 4482 certe
1303 4429 1435 4496 metatur,
1458 4430 1523 4482 ante
1546 4427 1670 4482 medium
1692 4440 1764 4479 saec.
1783 4423 1848 4479 XIV
1865 4425 2080 4496 Moschopulnm
2103 4427 2261 4479 erotemata
2282 4441 2341 4479 cor·

482 4517 594 4572 rexisse.
631 4517 737 4572 etenim
757 4517 943 4574 Laurentiano
956 4518 996 4588 pl.
1010 4516 1128 4573 XXVIII
1145 4521 1190 4588 24,
1209 4516 1286 4572 cnius
1305 4533 1389 4587 snpra
1402 4516 1572 4572 mentionem
1584 4513 1652 4582 feci,
1671 4515 1741 4569 haec
1756 4511 1914 4584 subscnpta
1927 4517 2003 4569 sunt:
2023 4509 2177 4582 ἐτελειώθη
2196 4510 2229 4567 τὸ
2247 4509 2341 4582 παρὸν

482 4607 591 4680 βιβλίον
609 4603 658 4661 διὰ
677 4603 770 4676 χειρὸς
788 4602 871 4677 ἐμοῦ,
891 4601 1047 4676 δμοφοίτοτ
1066 4601 1189 4676 μεγάλου
1209 4607 1353 4675 Penates
1371 4607 1421 4661 τοῦ
1440 4601 1623 4674 descripsere,
1642 4598 1824 4674 μηνλἹονλίφ
1837 4599 1900 4672 λα’,
1918 4601 1972 4659 ίνδ.
1991 4598 2032 4672 δ’,
2051 4599 2131 4663 ἔτους
2149 4597 2292 4672 ,roffi
2309 4600 2340 4656 id

482 4698 527 4750 est
544 4711 568 4750 a
599 4701 668 4750 1366
686 4696 752 4765 post
770 4693 911 4750 Christum
930 4696 1035 4751 natum.
2129 4684 2132 4689 ’

642 4784 685 4853 **)
703 4784 738 4839 de
757 4784 811 4839 hoc
828 4782 908 4852 Nilo,
927 4783 1000 4838 sIcnt
1017 4783 1053 4837 de
1071 4782 1260 4852 homonymis,
1280 4783 1392 4854 scripsit
1409 4784 1466 4840 Leo
1484 4785 1617 4850 Alletius,
1637 4781 1713 4837 cuius
1731 4781 1883 4837 diatribam
1901 4780 2045 4836 I'abrIcins
2066 4779 2096 4834 in
2114 4778 2246 4848 quintum
2263 4779 2339 4835 rolu-

483 4890 548 4928 men
565 4872 634 4929 bibl.
653 4889 772 4944 graecae
790 4873 911 4943 recepit,
928 4870 1087 4926 Harlessins
1105 4873 1206 4942 postea
1223 4871 1425 4942 locupletatam
1437 4872 1555 4928 inseruit
1571 4874 1648 4926 tomo
1663 4870 1782 4926 deamo.
1815 4870 1857 4924 cfr
1870 4869 1956 4926 etiam
1971 4868 2075 4924 Ondini
2088 4884 2189 4924 comm
2204 4869 2240 4925 de
2254 4867 2338 4936 scrip·

481 4962 591 5018 toribus
609 4961 807 5018 ecclesiasticis
825 4961 865 5017 111
885 4967 962 5018 1131.
993 4961 1108 5016 EdItum
1131 4963 1192 5016 erat
1210 4976 1245 5015 ex
1263 4961 1316 5030 eis,
1335 4978 1406 5032 quae
1424 4961 1507 5015 Nilne
1526 4960 1651 5030 scripsit,
1669 4960 1706 5015 ab
1725 4959 1824 5016 eodem
1842 4957 1949 5014 Allatio
1967 4957 2123 5012 encomium
2143 4959 2170 5013 S.
2185 4958 2339 5023 Matronae,

483 5052 519 5107 ab
544 5050 607 5107 aliIs
630 5050 741 5123 saepius
759 5030 888 5122 διήδητις
905 5045 1058 5120 ceromensi
1076 5048 1142 5119 περὶ
1160 5050 1216 5105 τῶν
1235 5045 1325 5120 ἁγίων
1347 5051 1397 5105 sal
1418 5048 1622 5119 νίτοτμενιτῶν
1645 5045 1773 5104 συνόδων
1792 5045 1939 5116 (harduini
1963 5048 2028 5102 acta
2050 5045 2234 5102 concilIorum
2251 5044 2277 5100 V
2294 5045 2339 5100 col

483 5143 680 5211 rrae-use).
